3284 5054
572 505 605 548 ra
900 484 1088 552 EDITORIS
1114 534 1116 538 -

531 622 583 677 aed
604 633 671 677 arte
693 636 815 678 summa
835 618 1014 681 elaboratas
1034 618 1279 697 prudentiaeque
1305 613 1459 699 plenissi*

529 732 597 772 mas
630 713 775 794 Namque
796 715 985 775 humiliores
1007 717 1198 792 ineptiaset
1225 734 1315 792 paene
1342 717 1457 796 frigida

527 821 584 866 aut
603 824 751 868 areesatta
773 813 855 869 dicta
885 811 977 888 (quo
1013 813 1091 868 vitio
1117 830 1180 867 nou
1212 829 1337 887 semper
1369 825 1457 868 caret
1495 837 1504 854 ·

527 899 686 980 Plautus)
706 906 790 963 haud
811 905 935 964 serebat
945 905 1124 962 Terentius.
1159 901 1273 981 Itaque
1288 924 1357 962 enm
1372 905 1458 963 dica-

528 1000 633 1060 citatis
649 1001 824 1059 moderatio
842 1021 879 1061 so
895 1001 1124 1079 temperantia,
1138 1015 1167 1055 et
1186 997 1456 1057 contumeliarum

527 1098 640 1154 raritas
663 1098 695 1154 in
719 1101 829 1175 primis
850 1101 1080 1158 commendant
1103 1099 1173 1173 Quo
1192 1095 1229 1153 fit
1255 1113 1290 1153 ut
1313 1096 1456 1154 moribus

528 1192 622 1248 etiam
654 1192 858 1250 emendandis
892 1191 986 1270 longe
1016 1194 1059 1250 sit
1088 1192 1216 1268 aptiora
1239 1192 1376 1267 ‘quippe
1398 1192 1457 1268 qui

526 1296 628 1342 artem
650 1283 770 1342 nullibi
793 1288 898 1346 minus
921 1306 1015 1366 quam
1038 1288 1071 1342 in
1093 1285 1236 1352 obscenis
1254 1285 1456 1344 sermonibus

527 1390 558 1435 et
580 1379 777 1456 turpitudine
797 1379 942 1439 collocat.
964 1381 1062 1439 Porro
1084 1396 1114 1436 et
1137 1378 1369 1438 delicatissimis
1385 1396 1461 1438 ver-·

519 1471 761 1545 sinuamine,
783 1488 813 1533 et
836 1476 1057 1555 politissimam
1087 1478 1264 1535 doctrinam
1297 1493 1454 1533 transma-

525 1565 629 1624 rinam
651 1570 821 1645 exprimit,
844 1573 967 1649 egregie
988 1570 1093 1630 cultus
1114 1573 1250 1649 scriptor
1264 1587 1293 1629 et
1311 1570 1456 1650 elegans,

526 1665 619 1723 onius
641 1666 800 1724 suavitate
821 1668 955 1723 maxime
978 1665 1111 1724 delinita
1134 1669 1231 1724 Roma
1253 1680 1309 1724 est.

564 1756 636 1816 VH.
660 1757 762 1814 Huius
786 1759 903 1816 inedita
936 1760 1065 1837 quidem
1101 1780 1196 1838 opera
1230 1760 1349 1818 frustra
1382 1761 1455 1838 qnia

524 1862 654 1928 quaerat.
677 1849 757 1908 Nam
780 1868 896 1930 pretet·
917 1854 1090 1913 comaediae
1113 1873 1166 1911 sex
1188 1856 1308 1920 editas,
1326 1852 1422 1912 nullae
1436 1875 1457 1912 u

520 1944 687 2003 Veteribus
719 1959 952 2017 memorantur,
984 1949 1128 2024 exceptis
1161 1944 1223 2004 illie
1256 1958 1384 2003 eentum
1421 1957 1454 2003 et

522 2051 614 2108 octo,
632 2057 712 2116 quas
727 2059 763 2098 ex
777 2039 953 2098 Menandro
967 2039 1065 2099 latine
1081 2059 1269 2108 conversas,
1285 2040 1451 2119 naufragio

522 2134 666 2191 amisisse
678 2133 796 2192 dicitnr
807 2134 1097 2193 vivensTerentius.
1112 2133 1224 2212 Neque
1234 2151 1341 2192 tamen
1353 2133 1456 2192 sortu-

522 2232 611 2286 nain
632 2229 694 2285 hoc
716 2230 810 2285 etiam
827 2229 957 2289 Comico
971 2231 1049 2288 mihi
1065 2250 1131 2288 non
1145 2229 1232 2289 favit.
1252 2227 1398 2308 Namque
1421 2230 1454 2287 in

522 2337 688 2402 pervetere
704 2325 842 2401 quodam
857 2326 1058 2384 membraneo
1071 2329 1200 2394 codice,
1217 2325 1274 2400 qni
1290 2325 1376 2400 apud
1394 2343 1450 2382 noe

523 2422 583 2487 eat,
598 2415 826 2498 celebratoque
847 2418 895 2478 illi
916 2418 1070 2481 Vaticano
1096 2423 1222 2479 ridetur
1246 2418 1451 2490 simillimus,

521 2513 628 2594 aliqua
647 2518 846 2593 deprehendi
862 2524 1017 2589 nondum,
1032 2535 1159 2599 utputo
1175 2512 1312 2595 cognita,
1327 2536 1399 2593 qnae
1411 2519 1453 2575 ad

523 2610 708 2672 Terentium
732 2615 955 2679 illustrandum
977 2640 1040 2678 non
1058 2618 1257 2677 mediocriter
1271 2616 1450 2673 conferunt.

522 2705 784 2768 Terentianarum
805 2733 970 2772 scenarum
985 2712 1125 2770 Picturas
1139 2732 1156 2769 e
1171 2709 1280 2768 codice
1294 2707 1450 2766 Vaticano
1524 2788 1526 2791 Ι

520 2801 704 2860 Mainardns
739 2803 948 2866 Urbinatibus
981 2807 1065 2888 typis
1097 2823 1181 2864 anno
1217 2799 1291 2880 post
1325 2800 1384 2859 ch.
1411 2801 1450 2861 N.

519 2905 715 2953 nucumve
738 2897 900 2977 vulgavits
922 2921 1001 2980 quas
1022 2915 1130 2958 tamen
1152 2900 1237 2958 haud
1260 2897 1359 2955 ntulto
1379 2912 1453 2958 ante

521 2986 790 3049 commentationi
811 3012 875 3051 suec
897 2993 935 3053 de
954 2997 1095 3055 Petronis
1117 2997 1296 3053 inseruerat
1312 2995 1453 3053 Christo-

520 3083 642 3161 phorns
663 3079 827 3162 Bergerns.
852 3084 934 3144 Tum
958 3091 1072 3146 eaedem
1085 3090 1255 3167 grandiore
1275 3105 1371 3164 opere
1393 3087 1454 3142 tri·

519 3177 607 3255 ginta
621 3181 713 3255 aunis
725 3198 799 3258 post
815 3199 876 3240 non
891 3184 958 3241 sine
976 3202 1057 3241 nova
1071 3184 1254 3240 recensione
1267 3176 1297 3237 et
1312 3181 1393 3238 notis
1409 3178 1450 3238 cl.

520 3270 717 3349 Cocqueiinii
739 3275 848 3334 Romre
869 3296 988 3336 recusae
1008 3277 1252 3354 suut„I)enique
1268 3275 1375 3332 codice
1388 3273 1446 3332 Va·

518 3366 622 3423 tioano
645 3385 716 3423 cum
747 3369 912 3428 innumera
935 3374 1041 3449 praeda
1056 3366 1167 3427 Italica
1183 3368 1323 3427 Parisios
1344 3380 1450 3426 trane·

520 3457 604 3528 lato,
630 3460 818 3536 dgincnrtns
836 3464 955 3523 ibidem
968 3463 1175 3522 Terentianae
1190 3459 1449 3522 denuoPicturas

520 3555 744 3628 exprimendas
758 3557 884 3615 curavit
905 3555 1058 3628 fideliter,
1087 3570 1120 3613 nt
1136 3555 1197 3632 ipsi
1217 3556 1344 3631 quidem
1359 3556 1447 3614 cordi

520 3647 603 3706 suita
626 3659 731 3705 utrum
759 3663 864 3707 autem
886 3668 935 3708 res
966 3669 1006 3708 ex
1037 3650 1150 3726 optimi
1175 3648 1357 3725 Antiquarii
1377 3668 1449 3710 sen-

522 3742 623 3801 tentia
643 3743 793 3816 cesserit,
814 3745 902 3808 haud
920 3743 1049 3806 definite
1068 3743 1310 3808 adfirmaverim.

1272 3894 1290 3953 s
