3284 5054
414 606 602 728 perfungi
625 607 752 692 iussus
773 609 824 694 sit
844 620 898 701 (*).
918 611 1062 691 lamet
1082 631 1144 706 tu,
1163 610 1238 693 Vir
1260 614 1350 694 exi-

414 745 508 838 mie,
523 744 665 824 domus
679 762 757 821 tuae
776 739 908 853 potius
923 768 969 820 ac
989 737 1204 851 pignorum
1221 770 1347 853 quam

414 874 667 987 publicorum
702 869 953 982 negotiorum
986 888 1104 949 antea
1124 871 1341 968 studiosus,

415 1001 485 1082 otii
523 999 579 1080 tui
618 1000 829 1081 commoda
863 1026 954 1079 cum
988 998 1132 1082 Patriae
1173 999 1343 1082 caritate

415 1156 547 1242 nuper
584 1125 843 1207 commutasti.
893 1126 1000 1206 Nam
1039 1147 1078 1204 et
1117 1127 1344 1210 celestibus

415 1255 652 1338 AVGVSTI
694 1254 855 1337 nutibus
888 1252 994 1333 inter
1035 1252 1350 1339 Mediolanensis

415 1383 578 1467 ditionis
597 1386 787 1465 Rectores
816 1409 911 1463 vera
941 1409 1034 1462 cum
1062 1381 1179 1463 laude
1208 1386 1348 1466 hacte-

416 1542 492 1596 nus
532 1535 710 1593 versatus
739 1538 802 1591 es:
845 1532 884 1591 et
918 1537 1027 1590 nunc
1062 1537 1108 1589 ea
1148 1510 1346 1623 dignitate

362 1712 365 1719 .
417 1643 627 1726 defunctus
656 1636 995 1754 perhonorificum
1023 1637 1263 1750 legationem
1294 1645 1348 1726 ad

416 1803 627 1857 romanam
675 1773 781 1853 Petri
822 1773 957 1853 sedem
1006 1771 1222 1883 suscepisti.
1263 1774 1348 1887 Igi-

419 1923 485 1983 tur
505 1903 612 1983 haud
633 1901 842 1981 invenuste
865 1898 1032 2011 contigit
1052 1902 1229 2010 primum
1257 1904 1347 2015 qui·

418 2032 512 2113 dem
554 2051 598 2110 ut
637 2030 877 2112 Themistius
916 2031 1096 2111 nondum
1139 2033 1344 2143 publicam

418 2158 538 2241 huius
558 2157 717 2270 generis
745 2156 1062 2238 lucubrationem
1086 2159 1346 2247 Bibliotheca

420 2307 499 2369 tuae
519 2286 791 2401 penetralibus
809 2285 1174 2382 commendaverit,
1200 2312 1285 2371 tum
1303 2309 1349 2372 ut

420 2448 497 2533 ego
517 2418 594 2500 hoc
616 2439 796 2526 tempore
808 2440 897 2494 eam
910 2412 951 2493 in
968 2414 1110 2525 vulgus
1129 2416 1347 2528 proferen-

419 2550 462 2631 di
481 2545 692 2630 consilium
712 2542 881 2625 inierim.
903 2545 1034 2644 Quam
1051 2565 1112 2639 tu,
1133 2545 1205 2626 Vir
1219 2550 1348 2634 excet-

418 2703 481 2770 se‚
501 2702 593 2756 cum
619 2674 751 2784 leges,
777 2695 816 2752 et
836 2670 877 2752 in
897 2670 1118 2751 Themist-io
1150 2675 1242 2758 vitae
1264 2699 1342 2762 tuae

419 2803 716 2919 quodammodo
747 2798 964 2910 imaginem
1000 2828 1228 2911 expressam
1254 2836 1347 2890 seu-

413 2935 509 3029 .ties‚
527 2954 565 3013 et
576 2931 616 3011 iu
629 2926 842 3012 Theodosii
855 2931 1101 3041 panegyrico
1115 2933 1344 3021 NVMlNlS

421 3061 622 3148 NOSTRl
650 3058 787 3138 laudes
815 3057 1010 3141 celebrari
1045 3062 1314 3150 arbitraberis.

464 3378 509 3456 (¹¹)
538 3374 735 3432 Themistius
768 3371 801 3429 in
837 3372 926 3430 Orat.
958 3387 1035 3432 xvn.
1074 3378 1152 3435 edit.
1185 3378 1344 3442 Har-daia.

421 3495 455 3554 p.
471 3492 541 3546 ²14·
565 3473 596 3530 B.
619 3471 700 3527 Turn
722 3476 818 3529 attam
840 3474 874 3530 in
896 3473 969 3542 hac,
992 3491 1087 3552 quam
1101 3496 1184 3536 nuuc
1201 3483 1339 3557 edimus,
1399 3508 1408 3526 ·

423 3576 574 3635 Oratione
596 3592 665 3652 cap.
688 3585 779 3631 xm.
