<?xml version="1.0" encoding="UTF-8"?>
<!DOCTYPE html PUBLIC "-//W3C//DTD XHTML 1.0 Transitional//EN"
    "http://www.w3.org/TR/xhtml1/DTD/xhtml1-transitional.dtd">
<html xmlns="http://www.w3.org/1999/xhtml" xml:lang="en" lang="en">
 <head>
  <title>
</title>
<meta http-equiv="Content-Type" content="text/html;charset=utf-8" />
  <meta name='ocr-system' content='tesseract 3.04.00' />
  <meta name='ocr-capabilities' content='ocr_page ocr_carea ocr_par ocr_line ocrx_word'/>
</head>
<body>
  <div class='ocr_page' id='page_1' title='image "./fragmentainedit00maigoog/fragmentainedit00maigoog_0063.png"; bbox 0 0 3284 5054; ppageno 0'>
   <div class='ocr_carea' id='block_1_1' title="bbox 400 470 919 535">
    <p class='ocr_par' dir='ltr' id='par_1_1' title="bbox 400 470 919 535">
     <span class='ocr_line' id='line_1_1' title="bbox 400 470 919 535; baseline -0.006 0"><span class='ocrx_word' id='word_1_1' title='bbox 400 475 448 535; x_wconf 72' lang='grc'><strong>68</strong></span> <span class='ocrx_word' id='word_1_2' title='bbox 753 470 919 532; x_wconf 66' lang='lat' dir='ltr'><strong>fluctus</strong></span> 
     </span>
    </p>
   </div>
   <div class='ocr_carea' id='block_1_2' title="bbox 367 609 563 655">
    <p class='ocr_par' dir='ltr' id='par_1_2' title="bbox 367 609 563 655">
     <span class='ocr_line' id='line_1_2' title="bbox 367 609 563 655; baseline -0.026 0"><span class='ocrx_word' id='word_1_3' title='bbox 367 612 418 655; x_wconf 76' lang='lat' dir='ltr'><strong>Act.</strong></span> <span class='ocrx_word' id='word_1_4' title='bbox 454 609 491 655; x_wconf 75' lang='lat' dir='ltr'><strong>So.</strong></span> <span class='ocrx_word' id='word_1_5' title='bbox 539 621 563 650; x_wconf 81' lang='lat' dir='ltr'><strong>v.</strong></span> 
     </span>
    </p>
   </div>
   <div class='ocr_carea' id='block_1_3' title="bbox 367 721 1320 3764">
    <p class='ocr_par' dir='ltr' id='par_1_3' title="bbox 646 721 1300 909">
     <span class='ocr_line' id='line_1_3' title="bbox 646 721 1300 817; baseline 0.006 -28"><span class='ocrx_word' id='word_1_6' title='bbox 646 723 781 791; x_wconf 90' lang='lat' dir='ltr'><strong>clamor</strong></span> <span class='ocrx_word' id='word_1_7' title='bbox 807 748 914 817; x_wconf 90' lang='lat' dir='ltr'><strong>quem</strong></span> <span class='ocrx_word' id='word_1_8' title='bbox 951 721 1157 816; x_wconf 76' lang='lat' dir='ltr'><strong>Pamphilus</strong></span> <span class='ocrx_word' id='word_1_9' title='bbox 1182 747 1220 793; x_wconf 88' lang='lat' dir='ltr'><strong>se</strong></span> <span class='ocrx_word' id='word_1_10' title='bbox 1244 724 1300 793; x_wconf 90' lang='lat' dir='ltr'><strong>di·</strong></span> 
     </span>
     <span class='ocr_line' id='line_1_4' title="bbox 647 839 915 909; baseline 0.007 -2"><span class='ocrx_word' id='word_1_11' title='bbox 647 839 754 908; x_wconf 85' lang='lat' dir='ltr'><strong>cebat</strong></span> <span class='ocrx_word' id='word_1_12' title='bbox 779 842 915 909; x_wconf 88' lang='lat' dir='ltr'><strong>audire.</strong></span> 
     </span>
    </p>

    <p class='ocr_par' dir='ltr' id='par_1_4' title="bbox 367 958 1320 1514">
     <span class='ocr_line' id='line_1_5' title="bbox 367 958 1302 1050; baseline -0.001 -21"><span class='ocrx_word' id='word_1_13' title='bbox 367 959 426 1029; x_wconf 87' lang='lat' dir='ltr'><strong>lll.</strong></span> <span class='ocrx_word' id='word_1_14' title='bbox 456 983 485 1029; x_wconf 87' lang='lat'><strong>1.</strong></span> <span class='ocrx_word' id='word_1_15' title='bbox 532 978 587 1050; x_wconf 85' lang='lat'><strong>47.</strong></span> <span class='ocrx_word' id='word_1_16' title='bbox 611 962 784 1030; x_wconf 81' lang='lat' dir='ltr'><strong>Parmeno</strong></span> <span class='ocrx_word' id='word_1_17' title='bbox 831 982 955 1028; x_wconf 87' lang='lat' dir='ltr'><strong>servus</strong></span> <span class='ocrx_word' id='word_1_18' title='bbox 993 958 1077 1027; x_wconf 87' lang='lat' dir='ltr'><strong>dum</strong></span> <span class='ocrx_word' id='word_1_19' title='bbox 1126 959 1302 1028; x_wconf 84' lang='lat' dir='ltr'><strong>voluisset</strong></span> 
     </span>
     <span class='ocr_line' id='line_1_6' title="bbox 642 1076 1297 1170; baseline -0.002 -25"><span class='ocrx_word' id='word_1_20' title='bbox 642 1076 867 1170; x_wconf 88' lang='lat' dir='ltr'><strong>Pamphilum</strong></span> <span class='ocrx_word' id='word_1_21' title='bbox 894 1081 1064 1170; x_wconf 78' lang='lat' dir='ltr'>persequi</span> <span class='ocrx_word' id='word_1_22' title='bbox 1093 1076 1137 1144; x_wconf 87' lang='lat' dir='ltr'><strong>ad</strong></span> <span class='ocrx_word' id='word_1_23' title='bbox 1175 1078 1297 1145; x_wconf 92' lang='lat' dir='ltr'><strong>Philu-</strong></span> 
     </span>
     <span class='ocr_line' id='line_1_7' title="bbox 644 1196 1299 1289; baseline 0.003 -26"><span class='ocrx_word' id='word_1_24' title='bbox 644 1218 812 1279; x_wconf 78' lang='lat' dir='ltr'><strong>menam,</strong></span> <span class='ocrx_word' id='word_1_25' title='bbox 853 1219 960 1289; x_wconf 87' lang='lat' dir='ltr'><strong>quam</strong></span> <span class='ocrx_word' id='word_1_26' title='bbox 1000 1197 1150 1264; x_wconf 87' lang='lat' dir='ltr'><strong>visitare</strong></span> <span class='ocrx_word' id='word_1_27' title='bbox 1190 1196 1299 1279; x_wconf 78' lang='lat' dir='ltr'><strong>ibat,</strong></span> 
     </span>
     <span class='ocr_line' id='line_1_8' title="bbox 643 1310 1299 1403; baseline 0 -24"><span class='ocrx_word' id='word_1_28' title='bbox 643 1314 796 1381; x_wconf 88' lang='lat' dir='ltr'><strong>retinuit</strong></span> <span class='ocrx_word' id='word_1_29' title='bbox 819 1336 884 1396; x_wconf 70' lang='lat' dir='ltr'><strong>se,</strong></span> <span class='ocrx_word' id='word_1_30' title='bbox 921 1337 966 1380; x_wconf 91' lang='lat' dir='ltr'><strong>ne</strong></span> <span class='ocrx_word' id='word_1_31' title='bbox 994 1313 1086 1381; x_wconf 86' lang='lat' dir='ltr'><strong>forte</strong></span> <span class='ocrx_word' id='word_1_32' title='bbox 1112 1310 1299 1403; x_wconf 85' lang='lat' dir='ltr'>Myrrhina</span> 
     </span>
     <span class='ocr_line' id='line_1_9' title="bbox 642 1428 1320 1514; baseline -0.001 -17"><span class='ocrx_word' id='word_1_33' title='bbox 642 1449 778 1514; x_wconf 71' lang='lat' dir='ltr'><strong>mater,</strong></span> <span class='ocrx_word' id='word_1_34' title='bbox 805 1450 865 1499; x_wconf 85' lang='lat' dir='ltr'><strong>aut</strong></span> <span class='ocrx_word' id='word_1_35' title='bbox 889 1430 1099 1498; x_wconf 84' lang='lat' dir='ltr'><strong>Philumena</strong></span> <span class='ocrx_word' id='word_1_36' title='bbox 1139 1428 1210 1496; x_wconf 86' lang='lat' dir='ltr'><strong>filia</strong></span> <span class='ocrx_word' id='word_1_37' title='bbox 1238 1447 1320 1496; x_wconf 81' lang='lat' dir='ltr'><strong>aut¹</strong></span> 
     </span>
    </p>

    <p class='ocr_par' dir='ltr' id='par_1_5' title="bbox 612 1535 1298 2328">
     <span class='ocr_line' id='line_1_10' title="bbox 612 1535 1298 1643; baseline -0.003 -27"><span class='ocrx_word' id='word_1_38' title='bbox 612 1535 617 1541; x_wconf 55' lang='grc'><strong>’</strong></span> <span class='ocrx_word' id='word_1_39' title='bbox 643 1549 775 1641; x_wconf 88' lang='lat' dir='ltr'><strong>aliquis</strong></span> <span class='ocrx_word' id='word_1_40' title='bbox 801 1572 845 1617; x_wconf 82' lang='lat' dir='ltr'><strong>ex</strong></span> <span class='ocrx_word' id='word_1_41' title='bbox 871 1549 935 1617; x_wconf 87' lang='lat' dir='ltr'><strong>illa</strong></span> <span class='ocrx_word' id='word_1_42' title='bbox 976 1550 1110 1618; x_wconf 83' lang='lat' dir='ltr'><strong>familia</strong></span> <span class='ocrx_word' id='word_1_43' title='bbox 1151 1549 1298 1643; x_wconf 84' lang='lat' dir='ltr'><strong>excogi-</strong></span> 
     </span>
     <span class='ocr_line' id='line_1_11' title="bbox 647 1667 1298 1760; baseline -0.002 -26"><span class='ocrx_word' id='word_1_44' title='bbox 647 1685 740 1734; x_wconf 82' lang='lat' dir='ltr'><strong>taret</strong></span> <span class='ocrx_word' id='word_1_45' title='bbox 765 1667 900 1760; x_wconf 89' lang='lat' dir='ltr'><strong>aliquid</strong></span> <span class='ocrx_word' id='word_1_46' title='bbox 924 1669 1008 1734; x_wconf 88' lang='lat' dir='ltr'><strong>mali</strong></span> <span class='ocrx_word' id='word_1_47' title='bbox 1046 1668 1193 1736; x_wconf 88' lang='lat' dir='ltr'><strong>inlatum</strong></span> <span class='ocrx_word' id='word_1_48' title='bbox 1220 1689 1298 1733; x_wconf 85' lang='lat' dir='ltr'><strong>esse</strong></span> 
     </span>
     <span class='ocr_line' id='line_1_12' title="bbox 640 1783 1295 1878; baseline -0.002 -27"><span class='ocrx_word' id='word_1_49' title='bbox 640 1783 858 1851; x_wconf 80' lang='lat' dir='ltr'><strong>Philumenae</strong></span> <span class='ocrx_word' id='word_1_50' title='bbox 878 1808 941 1876; x_wconf 88' lang='lat' dir='ltr'><strong>per</strong></span> <span class='ocrx_word' id='word_1_51' title='bbox 957 1787 1114 1878; x_wconf 82' lang='lat' dir='ltr'>aliquem</span> <span class='ocrx_word' id='word_1_52' title='bbox 1138 1788 1295 1853; x_wconf 86' lang='lat' dir='ltr'><strong>illorum.</strong></span> 
     </span>
     <span class='ocr_line' id='line_1_13' title="bbox 640 1901 1295 1999; baseline 0.009 -33"><span class='ocrx_word' id='word_1_53' title='bbox 640 1901 826 1971; x_wconf 88' lang='lat' dir='ltr'><strong>Maledirit</strong></span> <span class='ocrx_word' id='word_1_54' title='bbox 865 1928 952 1999; x_wconf 76' lang='lat' dir='ltr'><strong>ergo</strong></span> <span class='ocrx_word' id='word_1_55' title='bbox 988 1906 1061 1972; x_wconf 91' lang='lat' dir='ltr'><strong>illis</strong></span> <span class='ocrx_word' id='word_1_56' title='bbox 1103 1926 1139 1974; x_wconf 91' lang='lat' dir='ltr'><strong>et</strong></span> <span class='ocrx_word' id='word_1_57' title='bbox 1178 1906 1295 1972; x_wconf 89' lang='lat' dir='ltr'><strong>dicit:</strong></span> 
     </span>
     <span class='ocr_line' id='line_1_14' title="bbox 644 2017 1297 2117; baseline 0.008 -32"><span class='ocrx_word' id='word_1_58' title='bbox 644 2017 796 2089; x_wconf 80' lang='lat' dir='ltr'><strong>Eveniat</strong></span> <span class='ocrx_word' id='word_1_59' title='bbox 837 2043 872 2090; x_wconf 89' lang='lat' dir='ltr'><strong>et</strong></span> <span class='ocrx_word' id='word_1_60' title='bbox 909 2044 1080 2117; x_wconf 84' lang='lat' dir='ltr'><strong>augeatur</strong></span> <span class='ocrx_word' id='word_1_61' title='bbox 1104 2024 1176 2090; x_wconf 93' lang='lat' dir='ltr'><strong>illis</strong></span> <span class='ocrx_word' id='word_1_62' title='bbox 1201 2047 1297 2090; x_wconf 90' lang='lat' dir='ltr'><strong>mor-</strong></span> 
     </span>
     <span class='ocr_line' id='line_1_15' title="bbox 645 2135 1296 2233; baseline 0.008 -31"><span class='ocrx_word' id='word_1_63' title='bbox 645 2135 712 2203; x_wconf 90' lang='lat' dir='ltr'><strong>bus</strong></span> <span class='ocrx_word' id='word_1_64' title='bbox 754 2140 936 2220; x_wconf 73' lang='lat' dir='ltr'><strong>infamiae,</strong></span> <span class='ocrx_word' id='word_1_65' title='bbox 978 2143 1008 2207; x_wconf 92' lang='lat' dir='ltr'><strong>si</strong></span> <span class='ocrx_word' id='word_1_66' title='bbox 1052 2140 1191 2233; x_wconf 87' lang='lat' dir='ltr'><strong>aliquid</strong></span> <span class='ocrx_word' id='word_1_67' title='bbox 1226 2141 1296 2208; x_wconf 89' lang='lat' dir='ltr'><strong>tale</strong></span> 
     </span>
     <span class='ocr_line' id='line_1_16' title="bbox 645 2236 1137 2328; baseline 0.012 -6"><span class='ocrx_word' id='word_1_68' title='bbox 645 2275 770 2324; x_wconf 88' lang='lat' dir='ltr'><strong>contra</strong></span> <span class='ocrx_word' id='word_1_69' title='bbox 796 2281 860 2326; x_wconf 91' lang='lat' dir='ltr'><strong>nos</strong></span> <span class='ocrx_word' id='word_1_70' title='bbox 886 2259 1065 2328; x_wconf 87' lang='lat' dir='ltr'><strong>dixerunt.</strong></span> <span class='ocrx_word' id='word_1_71' title='bbox 1133 2236 1137 2248; x_wconf 42' lang='lat'>⁸</span> 
     </span>
    </p>

    <p class='ocr_par' dir='ltr' id='par_1_6' title="bbox 464 2376 1295 3281">
     <span class='ocr_line' id='line_1_17' title="bbox 464 2376 1294 2470; baseline 0 -28"><span class='ocrx_word' id='word_1_72' title='bbox 464 2397 495 2442; x_wconf 83' lang='lat' dir='ltr'><strong>a.</strong></span> <span class='ocrx_word' id='word_1_73' title='bbox 545 2394 573 2441; x_wconf 87' lang='lat' dir='ltr'><strong>r.</strong></span> <span class='ocrx_word' id='word_1_74' title='bbox 597 2376 755 2444; x_wconf 79' lang='lat' dir='ltr'><strong>Sostrata</strong></span> <span class='ocrx_word' id='word_1_75' title='bbox 786 2396 901 2445; x_wconf 87' lang='lat' dir='ltr'><strong>mater</strong></span> <span class='ocrx_word' id='word_1_76' title='bbox 935 2377 1112 2470; x_wconf 85' lang='lat' dir='ltr'><strong>Pamphili</strong></span> <span class='ocrx_word' id='word_1_77' title='bbox 1146 2376 1294 2444; x_wconf 89' lang='lat' dir='ltr'><strong>audiens</strong></span> 
     </span>
     <span class='ocr_line' id='line_1_18' title="bbox 642 2495 1295 2580; baseline 0.003 -18"><span class='ocrx_word' id='word_1_78' title='bbox 642 2496 854 2566; x_wconf 87' lang='lat' dir='ltr'><strong>tumultuari</strong></span> <span class='ocrx_word' id='word_1_79' title='bbox 881 2500 921 2565; x_wconf 91' lang='lat' dir='ltr'><strong>in</strong></span> <span class='ocrx_word' id='word_1_80' title='bbox 946 2499 1082 2580; x_wconf 73' lang='lat' dir='ltr'><strong>domo,</strong></span> <span class='ocrx_word' id='word_1_81' title='bbox 1118 2496 1181 2565; x_wconf 92' lang='lat' dir='ltr'><strong>ubi</strong></span> <span class='ocrx_word' id='word_1_82' title='bbox 1211 2495 1295 2565; x_wconf 92' lang='lat' dir='ltr'><strong>Phi·</strong></span> 
     </span>
     <span class='ocr_line' id='line_1_19' title="bbox 646 2614 1295 2707; baseline 0.003 -26"><span class='ocrx_word' id='word_1_83' title='bbox 646 2617 790 2683; x_wconf 88' lang='lat' dir='ltr'><strong>lumena</strong></span> <span class='ocrx_word' id='word_1_84' title='bbox 827 2639 919 2685; x_wconf 85' lang='lat' dir='ltr'><strong>uxor</strong></span> <span class='ocrx_word' id='word_1_85' title='bbox 943 2615 1009 2685; x_wconf 87' lang='lat' dir='ltr'><strong>lilii</strong></span> <span class='ocrx_word' id='word_1_86' title='bbox 1034 2614 1176 2684; x_wconf 87' lang='lat' dir='ltr'><strong>iacebat</strong></span> <span class='ocrx_word' id='word_1_87' title='bbox 1212 2639 1295 2707; x_wconf 87' lang='lat' dir='ltr'><strong>par-</strong></span> 
     </span>
     <span class='ocr_line' id='line_1_20' title="bbox 643 2734 1293 2827; baseline 0.003 -27"><span class='ocrx_word' id='word_1_88' title='bbox 643 2735 804 2815; x_wconf 76' lang='lat' dir='ltr'><strong>turiens,</strong></span> <span class='ocrx_word' id='word_1_89' title='bbox 830 2735 980 2827; x_wconf 84' lang='lat' dir='ltr'><strong>putabat</strong></span> <span class='ocrx_word' id='word_1_90' title='bbox 1014 2734 1111 2827; x_wconf 89' lang='lat' dir='ltr'><strong>quod</strong></span> <span class='ocrx_word' id='word_1_91' title='bbox 1147 2734 1293 2803; x_wconf 91' lang='lat' dir='ltr'><strong>morbus</strong></span> 
     </span>
     <span class='ocr_line' id='line_1_21' title="bbox 639 2853 1292 2951; baseline 0.008 -35"><span class='ocrx_word' id='word_1_92' title='bbox 639 2872 712 2942; x_wconf 84' lang='lat' dir='ltr'><strong>quo</strong></span> <span class='ocrx_word' id='word_1_93' title='bbox 736 2853 800 2921; x_wconf 87' lang='lat' dir='ltr'><strong>illa</strong></span> <span class='ocrx_word' id='word_1_94' title='bbox 830 2853 990 2951; x_wconf 81' lang='lat' dir='ltr'><strong>fingebat</strong></span> <span class='ocrx_word' id='word_1_95' title='bbox 1023 2878 1061 2922; x_wconf 86' lang='lat' dir='ltr'><strong>se</strong></span> <span class='ocrx_word' id='word_1_96' title='bbox 1101 2853 1292 2935; x_wconf 77' lang='lat' dir='ltr'><strong>laborare,</strong></span> 
     </span>
     <span class='ocr_line' id='line_1_22' title="bbox 644 2971 1292 3067; baseline 0.002 -29"><span class='ocrx_word' id='word_1_97' title='bbox 644 2971 924 3066; x_wconf 73' lang='lat' dir='ltr'><strong>ingravesceret,</strong></span> <span class='ocrx_word' id='word_1_98' title='bbox 937 2993 972 3041; x_wconf 89' lang='lat' dir='ltr'><strong>et</strong></span> <span class='ocrx_word' id='word_1_99' title='bbox 984 2975 1292 3067; x_wconf 86' lang='lat' dir='ltr'><strong>proptereaDeum</strong></span> 
     </span>
     <span class='ocr_line' id='line_1_23' title="bbox 639 3090 1291 3186; baseline 0 -29"><span class='ocrx_word' id='word_1_100' title='bbox 639 3090 827 3159; x_wconf 80' lang='lat' dir='ltr'><strong>mediciuae</strong></span> <span class='ocrx_word' id='word_1_101' title='bbox 864 3093 1068 3186; x_wconf 74' lang='lat' dir='ltr'><strong>Asclepium</strong></span> <span class='ocrx_word' id='word_1_102' title='bbox 1106 3112 1142 3161; x_wconf 91' lang='lat' dir='ltr'><strong>et</strong></span> <span class='ocrx_word' id='word_1_103' title='bbox 1181 3094 1291 3160; x_wconf 86' lang='lat' dir='ltr'><strong>Deam</strong></span> 
     </span>
     <span class='ocr_line' id='line_1_24' title="bbox 638 3208 971 3281; baseline 0.012 -4"><span class='ocrx_word' id='word_1_104' title='bbox 638 3208 763 3277; x_wconf 83' lang='lat' dir='ltr'><strong>salutis</strong></span> <span class='ocrx_word' id='word_1_105' title='bbox 788 3210 971 3281; x_wconf 84' lang='lat' dir='ltr'><strong>exorabat.</strong></span> 
     </span>
    </p>

    <p class='ocr_par' dir='ltr' id='par_1_7' title="bbox 451 3324 1288 3764">
     <span class='ocr_line' id='line_1_25' title="bbox 451 3324 1288 3418; baseline -0.004 -25"><span class='ocrx_word' id='word_1_106' title='bbox 451 3342 482 3408; x_wconf 75' lang='lat'><em>4</em></span> <span class='ocrx_word' id='word_1_107' title='bbox 536 3345 564 3393; x_wconf 84' lang='lat'><strong>1.</strong></span> <span class='ocrx_word' id='word_1_108' title='bbox 589 3325 1004 3418; x_wconf 86' lang='lat' dir='ltr'><strong>LoquebaturParmeno</strong></span> <span class='ocrx_word' id='word_1_109' title='bbox 1021 3350 1099 3395; x_wconf 88' lang='lat' dir='ltr'><strong>oum</strong></span> <span class='ocrx_word' id='word_1_110' title='bbox 1115 3327 1211 3394; x_wconf 86' lang='lat' dir='ltr'><strong>Sosia</strong></span> <span class='ocrx_word' id='word_1_111' title='bbox 1225 3324 1288 3416; x_wconf 88' lang='lat' dir='ltr'><strong>qui</strong></span> 
     </span>
     <span class='ocr_line' id='line_1_26' title="bbox 632 3446 1287 3538; baseline -0.003 -26"><span class='ocrx_word' id='word_1_112' title='bbox 632 3446 752 3514; x_wconf 83' lang='lat' dir='ltr'><strong>fuerat</strong></span> <span class='ocrx_word' id='word_1_113' title='bbox 781 3469 861 3514; x_wconf 88' lang='lat' dir='ltr'><strong>cum</strong></span> <span class='ocrx_word' id='word_1_114' title='bbox 879 3446 1062 3538; x_wconf 88' lang='lat' dir='ltr'><strong>Pamphilo</strong></span> <span class='ocrx_word' id='word_1_115' title='bbox 1081 3446 1172 3510; x_wconf 88' lang='lat' dir='ltr'><strong>ultra</strong></span> <span class='ocrx_word' id='word_1_116' title='bbox 1191 3465 1287 3510; x_wconf 89' lang='lat' dir='ltr'><strong>mare</strong></span> 
     </span>
     <span class='ocr_line' id='line_1_27' title="bbox 637 3560 1288 3656; baseline 0 -28"><span class='ocrx_word' id='word_1_117' title='bbox 637 3563 674 3628; x_wconf 91' lang='lat' dir='ltr'><strong>in</strong></span> <span class='ocrx_word' id='word_1_118' title='bbox 691 3563 834 3640; x_wconf 82' lang='lat' dir='ltr'><strong>Imbro,</strong></span> <span class='ocrx_word' id='word_1_119' title='bbox 870 3582 906 3631; x_wconf 91' lang='lat' dir='ltr'><strong>et</strong></span> <span class='ocrx_word' id='word_1_120' title='bbox 929 3565 1129 3656; x_wconf 81' lang='lat' dir='ltr'><strong>interrogat</strong></span> <span class='ocrx_word' id='word_1_121' title='bbox 1145 3563 1174 3628; x_wconf 87' lang='lat' dir='ltr'><strong>si</strong></span> <span class='ocrx_word' id='word_1_122' title='bbox 1199 3560 1288 3628; x_wconf 85' lang='lat' dir='ltr'><strong>fuis·</strong></span> 
     </span>
     <span class='ocr_line' id='line_1_28' title="bbox 635 3680 1285 3764; baseline -0.002 -17"><span class='ocrx_word' id='word_1_123' title='bbox 635 3694 711 3764; x_wconf 80' lang='lat' dir='ltr'><strong>set,</strong></span> <span class='ocrx_word' id='word_1_124' title='bbox 750 3697 787 3748; x_wconf 93' lang='lat' dir='ltr'><strong>et</strong></span> <span class='ocrx_word' id='word_1_125' title='bbox 819 3680 984 3749; x_wconf 87' lang='lat' dir='ltr'><strong>illuditur</strong></span> <span class='ocrx_word' id='word_1_126' title='bbox 1006 3680 1285 3750; x_wconf 68' lang='lat' dir='ltr'><strong>incommodum·</strong></span> 
     </span>
    </p>
   </div>
   <div class='ocr_carea' id='block_1_4' title="bbox 0 0 1646 5054">
    <p class='ocr_par' dir='ltr' id='par_1_8' title="bbox 0 0 1646 5054">
     <span class='ocr_line' id='line_1_29' title="bbox 0 0 1646 5054; baseline 0 7"><span class='ocrx_word' id='word_1_127' title='bbox 0 0 1646 5054; x_wconf 95' lang='lat' dir='ltr'><strong> </strong></span> 
     </span>
    </p>
   </div>
  </div>
 </body>
</html>
