3284 5054
586 488 750 551 necrus
1058 489 1098 568 ⁵⁷

208 632 259 678 hrt.
300 631 338 677 So.
380 645 405 676 v.

229 751 256 816 1.
290 770 322 816 a.
373 770 400 814 1.
425 741 630 837 Pamphilus
656 759 755 812 certa
780 763 886 809 causa
917 740 1010 810 ierat
1046 743 1141 810 ultra

482 886 580 930 mare
607 880 643 929 et
659 857 873 954 sperabatur
888 861 957 926 iam
984 860 1139 944 reverti,

475 976 582 1048 'uude
607 982 781 1047 Parmeno
811 980 841 1046 it
875 977 1141 1055 consideratum

486 1100 614 1166 eiiam
643 1100 755 1170 veuit.

228 1217 272 1284 ΙΙ.
302 1240 328 1284 ι.
381 1241 410 1285 1.
435 1215 571 1287 Laches
612 1234 714 1308 pater
763 1212 940 1306 Pamphili
985 1236 1141 1283 noscens

484 1335 733 1403 Philumenam
759 1333 803 1401 ad
832 1333 976 1401 domurn
1018 1354 1141 1426 pater·

481 1476 564 1522 nam
598 1476 797 1549 regressam
836 1453 986 1520 nimium
1026 1454 1141 1519 iratus

481 1569 736 1662 loquebatur,
776 1585 905 1664 putans
945 1571 1043 1663 quod
1078 1573 1142 1639 So·

487 1707 597 1758 strata
622 1714 803 1764 uxortua
826 1691 1026 1782 pepulisset
1050 1712 1142 1760 eam.

287 1831 319 1879 a.
371 1832 400 1879 1.
424 1806 622 1902 Phidippus
656 1829 758 1902 pater
794 1809 1013 1879 Philumena
1055 1809 1141 1877 dum

486 1929 701 2021 loqueretur
737 1952 884 1998 cumea
910 1931 1070 1997 fortassis
1095 1928 1141 1996 de

484 2047 555 2116 hoc
580 2066 620 2116 nt
644 2048 782 2119 rediret
825 2049 869 2116 ad
905 2050 1048 2117 domum
1074 2050 1141 2117 ha·

486 2166 564 2234 chis
589 2169 702 2259 patris
731 2167 936 2261 Pamphili,
973 2193 1019 2237 ne
1046 2170 1143 2237 sorte

483 2284 902 2391 Pamphilus'revertens
936 2288 1144 2356 tristaretur

480 2399 620 2470 dehoc
646 2404 744 2496 qnod
769 2428 789 2472 a
820 2405 927 2473 domo
954 2429 1017 2473 sua
1043 2407 1142 2472 exis-

484 2539 538 2589 set
555 2572 565 2604 ,
583 2522 702 2592 subito
721 2523 868 2594 advenit
883 2526 1019 2594 Laches
1035 2542 1140 2619 pater

485 2639 677 2733 Pamphili.

210 2759 268 2826 lll.
297 2779 326 2826 ι.
378 2779 406 2826 ι.
430 2757 584 2828 Rediens
607 2760 815 2854 Pamphilus
841 2762 886 2832 de
927 2760 1075 2844 Imbro,
1100 2779 1142 2831 ut

486 2880 664 2972 comperit
694 2881 738 2949 de
768 2905 881 2951 uxore
914 2904 977 2950 sna
1015 2879 1138 2949 Philu-

482 3021 586 3065 mena
613 3001 710 3092 quod
727 2999 772 3068 ad
789 3001 933 3069 domum
951 3017 1140 3094 paternam

484 3135 578 3183 esset
601 3122 774 3200 reversa,
806 3122 881 3188 sive
921 3118 1019 3210 quod
1052 3142 1133 3215 gra-

482 3231 566 3299 vida
591 3254 711 3315 esset,
736 3238 847 3328 eoepit
871 3238 920 3304 ita
946 3238 1060 3328 loqui.

345 3348 400 3417 38.
426 3348 634 3419 Philumena
667 3353 890 3446 parturiente
926 3353 1141 3425 hortabatur

486 3492 564 3536 eam
607 3493 669 3536 sua
717 3487 830 3538 mater
873 3471 1061 3563 Myrrhina
1100 3490 1142 3542 ut

486 3605 736 3680 compesceret
768 3590 996 3682 semetipsam
1022 3615 1040 3658 a
1067 3591 1141 3658 cla·

485 3728 585 3778 more
621 3724 659 3779 et
696 3726 841 3782 taceret.
878 3711 923 3779 Et
965 3709 1026 3780 hie
1063 3725 1142 3782 erat
