3284 5054
713 500 925 561 CLEONYMI
1201 523 1238 579 ²7

345 636 547 722 uenirent.
567 636 793 751 Cleonymo
809 653 942 719 autem
958 629 1285 719 molestissimum
1414 698 1416 702 Α
1476 610 1480 625 ’

350 773 571 871 accidebat,
594 795 634 856 et
656 771 863 857 hominem
886 768 1203 857 inimicissimum
1218 799 1285 855 cu-

348 936 529 1000 ratorem
542 943 627 998 esse
639 942 802 1000 suorum
817 910 1228 1025 consanguineorum,
1243 929 1285 993 et

351 1056 537 1138 eumdem
551 1054 761 1139 dominum
771 1051 832 1137 sui
842 1049 1074 1164 patrimonii
1085 1047 1285 1163 relinque·

351 1222 416 1291 re,
436 1215 496 1291 et,
514 1196 644 1278 donec
662 1221 737 1277 nos
757 1211 865 1274 certe
886 1194 1210 1303 pubesceremus,
1231 1190 1283 1275 ab

352 1362 401 1415 eo
420 1332 497 1416 sibi
517 1330 682 1414 inferias
703 1331 754 1412 de
774 1355 888 1411 more
914 1327 1023 1425 dari,
1052 1327 1116 1413 cui
1146 1327 1286 1410 vivens
1349 1430 1354 1436 Ι

353 1470 478 1553 iratus
499 1469 758 1552 fuissetHaec
777 1465 846 1585 ille
865 1465 1001 1549 animo
1019 1488 1211 1579 reputans
1229 1465 1285 1553 si·

355 1637 405 1693 ve
424 1629 532 1690 recte
549 1607 633 1690 sive
651 1633 777 1703 secus,
793 1592 988 1689 eiusmodi
1004 1626 1285 1693 testamentum

358 1745 605 1859 couscripsit.
632 1747 763 1859 Atque
783 1744 892 1829 illico
912 1766 1081 1861 rogante
1098 1777 1191 1832 eum
1210 1746 1286 1832 Di·

359 1884 440 1984 nia,
464 1884 657 1999 numquid
676 1865 727 1968 tle
747 1885 864 1969 nobis
885 1906 953 1970 aut
972 1887 1023 1969 de
1041 1907 1210 2000 parente
1222 1915 1288 1970 no

357 2043 439 2105 etro
465 2042 723 2137 quereretur,
754 2052 891 2108 coram
915 2024 1101 2139 plurimis
1129 2026 1285 2110 civibus

357 2163 581 2276 respondit,
598 2192 640 2247 se
654 2165 806 2251 nullam
818 2162 1000 2251 fraudem
1012 2167 1130 2253 nobis
1140 2198 1286 2284 expro-

354 2303 491 2384 brare:
509 2320 752 2416 testatusque
770 2322 848 2400 est,
867 2332 909 2386 se
926 2304 1062 2389 Diniae
1082 2305 1284 2391 infensum

355 2460 396 2523 et
424 2460 560 2526 mente
582 2445 863 2554 perturbatum
887 2441 943 2525 ita
973 2470 1039 2527 res
1064 2472 1155 2529 suas
1180 2447 1287 2530 ordi·

354 2608 481 2666 nasse.
505 2581 565 2664 Ac
588 2609 751 2694 reapse,
773 2579 921 2680 oViri,
942 2585 1145 2695 quomodo
1162 2584 1287 2669 homo

349 2745 453 2801 sana
465 2739 599 2804 mente
607 2718 803 2836 praeditus
814 2722 961 2803 damno
971 2751 1047 2805 nos
1057 2717 1218 2806 officere
1227 2752 1288 2806 co

356 2854 532 2968 giusset,
545 2844 621 2971 ¹qui
641 2888 735 2943 eum
757 2860 866 2945 nulla
886 2860 928 2944 in
951 2889 997 2944 re
1017 2860 1286 2947 violavimus?

413 2996 482 3077 VI.
520 2997 641 3080 Nunc
682 3002 908 3099 addemus,
954 3003 1063 3115 quod
1110 3000 1286 3084 maximo

358 3134 509 3219 indicio
538 3157 624 3233 est,
653 3140 946 3252 Cleonymum,
981 3170 1033 3225 ne
1067 3169 1159 3225 cum
1198 3137 1287 3252 qui-

358 3278 451 3362 dem
481 3274 535 3359 ita
565 3305 608 3360 se
637 3281 828 3394 gerebat,
858 3281 1010 3363 malum
1048 3279 1166 3363 nobis
1201 3307 1288 3362 esse

359 3416 555 3502 molitum.
599 3417 761 3501 Mortuo
798 3417 907 3502 enim
948 3417 1109 3518 Dinia,
1156 3438 1196 3503 et
1239 3448 1285 3502 re

404 3616 451 3694 (ι)
471 3617 617 3701 'Equam
636 3619 729 3678 ebert
749 3637 769 3675 a
791 3616 924 3677 Codice.
