3284 5054
558 518 1059 587 nuivnouamoavuauos
1186 529 1227 605 4⁵

347 665 399 711 Act.
441 663 479 706 8ο.
521 676 546 706 v.

509 770 512 778 ’
628 775 709 842 Tum
724 775 1105 869 sequeitur2parenthecis
1119 780 1290 870 qualiter‘

627 896 829 962 invenimus
856 917 916 961 eas
942 914 1144 987 occupatas.

370 1017 414 1084 ΙΙ.
440 1017 471 1083 3.
497 1013 552 1082 50.
577 1014 665 1082 PAX
683 1015 888 1082 interiectio
910 1014 967 1085 vel
985 1012 1274 1083 adverbiumco·

620 1135 752 1199 micum
799 1137 953 1224 propniae
994 1131 1273 1229 significationis

618 1271 730 1332 aaran,
756 1251 814 1316 vel
841 1250 1087 1318 tantummodo
1104 1273 1175 1344 qua
1193 1275 1270 1321 ces-

618 1389 698 1434 aare
725 1367 966 1458 praecipimus.

447 1524 449 1529 ·
497 1483 873 1555 58.1NTERNVNT11.
921 1485 1047 1553 Puellae
1091 1509 1167 1579 quae
1206 1511 1270 1581 ap·

618 1620 748 1693 paratae
776 1602 966 1670 mittuntur
990 1601 1034 1671 ad
1060 1624 1245 1673 amatorea.

488 1722 543 1808 84.
570 1721 657 1789 AVT
674 1721 790 1787 HAEC
811 1736 871 1786 etc.
897 1723 966 1788 Aut
980 1723 1139 1812 pericula
1155 1725 1268 1792 custi-

614 1863 701 1907 nere
711 1882 723 1918 ‚
749 1857 785 1906 et
810 1837 1059 1907 meretricibus
1085 1841 1177 1922 frni;
1203 1861 1265 1911 aut

616 1982 756 2027 amores
783 1959 946 2025 amittere
983 1977 1020 2027 et
1056 1961 1265 2033 meretrices

615 2101 688 2144 non
714 2100 846 2144 amare.

479 2200 551 2266 103.
575 2198 683 2266 SERO
709 2198 765 2265 AC
789 2196 1087 2285 NEQVICQVAM
1113 2200 1261 2270 VOLES.
1374 2292 1378 2297 Ι

613 2314 771 2383 Tandem
796 2337 836 2381 ac
861 2314 993 2381 frustra
1017 2317 1157 2408 coepisti
1193 2317 1276 2387 hoc'

614 2432 710 2500 velle
736 2430 831 2522 quod
856 2430 945 2499 dicis
971 2433 1079 2500 modo
1094 2484 1104 2516 ,
1121 2454 1161 2502 ut
1185 2438 1261 2505 aine

611 2552 774 2643 periculo
798 2548 932 2617 habeas
958 2555 1122 2634 amicam,
1154 2579 1261 2647 qnam

610 2668 909 2762 quandocumque
936 2690 1037 2761 pater
1063 2674 1163 2740 sciet.

414 2809 447 2878 4.
498 2814 527 2858 ι.
550 2788 700 2858 Bacchis
717 2806 832 2855 amata
859 2787 1073 2881 Clitiphonis
1090 2791 1261 2862 laudabat
1391 2802 1393 2807 ⁴

619 2907 865 3000 Anthiphilam
908 2910 1057 2977 amicam
1109 2912 1258 2996 Clinia,

609 3047 647 3096 et
696 3028 759 3095 illa
809 3028 974 3096 similiter
1021 3029 1124 3097 iatam
1174 3031 1258 3100 dum

607 3147 712 3214 irent.

356 3300 361 3307 ·
493 3263 527 3333 6.
549 3263 824 3350 OMNIVMQVE
843 3263 961 3331 ADEO
979 3265 1255 3337 VOSTRARVM.

608 3380 753 3449 Scilicet
778 3399 1041 3466 matronarum,
1074 3408 1151 3478 que
1176 3408 1260 3458 sunt

608 3517 782 3568 contente
807 3526 880 3570 uno
905 3521 1072 3576 amatore.

472 3644 523 3692 ιι.
546 3623 767 3693 DESERTAE
784 3622 979 3694 VIVIMVS.
993 3624 1076 3696 Poat
1091 3625 1255 3699 amissam

608 3741 771 3812 formam
