3284 5054
563 547 601 606 14
759 525 953 590 EDl‘l'ORlS
974 527 1212 590 PRAEFATIO
1303 603 1309 616 ι

518 661 716 728 barbarum,
750 679 896 738 pressum
918 674 1024 719 tamen
1055 674 1087 719 et
1119 663 1279 719 nitidulus
1303 657 1450 740 quamvis

518 753 640 812 Auctor
654 775 673 812 a
687 768 782 813 rectae
797 757 989 815 eruditionis
1000 758 1128 814 cremiis
1138 758 1299 816 interdum
1312 759 1448 814 recedat.

518 848 562 909 Ea
577 866 662 909 certe
676 871 747 910 cuni
764 853 856 911 editis
868 853 905 908 ad
923 847 1110 909 Terentium
1127 850 1279 918 scholiis,
1293 867 1450 930 qnantum

516 944 611 1009 vidi,
647 945 727 1004 nihil
749 960 944 1026 congruunt:
982 962 1135 1024 quercet
1165 965 1273 1004 eorum
1301 957 1452 1024 excerpta
1508 978 1511 988 Δ

516 1036 627 1099 saltem
649 1040 813 1117 potissima
836 1037 958 1118 publici
980 1042 1061 1098 iuris
1084 1041 1228 1099 facimus.

341 1148 407 1213 ripn
428 1158 449 1188 n
463 1151 505 1189 r·-
558 1130 614 1190 lx.
635 1134 806 1214 Reliquum
830 1149 897 1213 est,
921 1152 955 1193 us
978 1139 1034 1215 qui
1057 1135 1231 1215 aliquando
1248 1138 1281 1194 in
1297 1132 1447 1193 libellum

315 1202 504 1302 i'iii,.,.23‘¹,‘‡,⁰„'
518 1243 663 1285 nostrum
685 1229 880 1296 inciderint,
918 1232 939 1285 ii
974 1232 1205 1309 copiosissima
1242 1231 1447 1290 bibliothecas

312 1306 444 1394 22:22?
464 1317 500 1344 '⁸'
514 1324 731 1384 Ambrosianus
751 1328 883 1403 gratiam
905 1324 1062 1392 habeant,
1085 1345 1125 1384 ex
1148 1346 1210 1404 qua
1232 1328 1371 1383 duorum
1392 1341 1445 1381 co·

506 1419 619 1476 ‘dicum
641 1430 705 1475 tam
726 1419 900 1497 insigniunt
922 1422 1100 1497 specimina
1122 1440 1185 1478 non
1200 1437 1267 1477 sinc
1283 1418 1443 1477 litterario

510 1510 619 1580 fructu
640 1514 928 1588 decoramenroque
945 1516 1163 1591 procedimus.
1176 1512 1256 1571 Nam
1269 1533 1325 1593 qui
1336 1515 1445 1572 hacte-

510 1626 573 1667 nus
605 1609 820 1686 antiquissimi
850 1606 958 1666 latinas
989 1607 1107 1687 linguae
1128 1613 1256 1667 codices
1286 1614 1445 1667 innotue-

511 1715 606 1770 runt,
628 1702 760 1760 Romani
782 1704 955 1780 pracsertim
976 1701 1150 1761 Florentini
1176 1723 1206 1763 et
1221 1705 1440 1784 Neapolitani,

485 1799 623 1854 'merito
646 1798 775 1875 quidem
798 1796 1000 1855 sermonibus
1028 1798 1254 1872 celebrantur,
1275 1805 1306 1859 in
1329 1800 1444 1860 ciclum

509 1896 717 1955 admiratione
738 1893 904 1964 seruntur,
926 1908 1077 1972 typorum
1100 1899 1315 1954 monumentis
1338 1893 1439 1953 incla-

508 2001 635 2048 rescunt
656 2007 692 2046 ac
715 2001 940 2066 propagantur.
965 1987 1073 2066 Siquis
1092 2004 1196 2048 tamen
1214 2011 1327 2070 aequus
1343 1991 1440 2049 iudex

507 2080 690 2140 Plautinum
712 2084 875 2160 specimen
903 2102 975 2140 cum
1008 2082 1168 2143 Vaticanis
1202 2084 1254 2144 vel
1287 2085 1438 2145 Mediceis

508 2176 635 2257 Virgilii
656 2178 855 2258 fragmentis,
875 2192 930 2236 aut
953 2180 1048 2237 etiam
1078 2199 1152 2238 cum
1180 2179 1277 2239 latina
1312 2198 1435 2260 papyro

508 2270 698 2332 Herculanii
720 2277 836 2332 deiecta
852 2271 1021 2352 diligenter
1036 2274 1191 2345 conferat,
1208 2277 1288 2353 quin
1302 2277 1437 2335 Ambro-

507 2370 632 2430 sianum
672 2372 812 2429 codicem
849 2367 1016 2427 nobilitate
1040 2390 1145 2446 parem
1175 2374 1246 2429 iure
1267 2392 1304 2429 ac
1325 2371 1438 2429 merito

507 2466 702 2535 arbitretur,
723 2464 777 2523 vix
805 2464 999 2522 dubitamus.
1022 2458 1092 2524 Huc
1113 2469 1241 2546 igitur,
1264 2469 1320 2545 qui
1347 2465 1438 2526 Plau·

506 2570 577 2620 tuin
622 2558 764 2639 expolire
804 2562 954 2637 deinceps
987 2557 1117 2629 volent,
1152 2576 1289 2620 mentem
1323 2565 1437 2620 adver·

506 2668 598 2723 tant,
621 2657 696 2713 hinc
715 2655 970 2713 emendacionem
985 2654 1062 2711 hinc
1085 2654 1228 2712 ordinem
1245 2653 1437 2732 liincsplcn·

506 2754 614 2810 dorem
660 2749 864 2809 nobilissimo
900 2745 1029 2805 Comieo
1064 2748 1242 2825 comparari
1280 2767 1338 2826 par
1377 2761 1435 2806 est.

505 2843 620 2924 Neque
640 2863 749 2902 rursus
772 2845 926 2920 ingratum
950 2842 1017 2898 fore
1038 2859 1228 2917 speramus,
1258 2843 1345 2918 quod
1373 2839 1433 2897 Va-

504 2942 621 3000 ticanis
651 2936 796 2996 Terentii
823 2937 957 3012 picturis
985 2933 1255 3011 complementum
1279 2933 1433 3013 adiungi-

503 3053 593 3103 mus,
627 3046 660 3090 et
692 3032 811 3089 Donati
834 3045 980 3107 practerea
1013 3028 1253 3108 Eugrcphiiquc
1286 3031 1319 3087 iu
1342 3049 1432 3087 enm·

502 3132 574 3188 dem
593 3127 721 3186 Poetam
743 3143 835 3185 curas
854 3122 1033 3181 Scholiastc
1056 3125 1146 3181 tertio
1165 3142 1273 3181 cetere
1286 3122 1433 3181 cumula·

502 3243 583 3282 mus.
614 3221 753 3297 Quodsi
782 3235 891 3285 nostro
918 3217 1017 3276 labori
1038 3220 1233 3276 cruditorum
1263 3220 1430 3278 hominum

499 3320 604 3377 studia
631 3318 781 3399 incoant,
809 3334 890 3396 quos
920 3314 1046 3372 codices
1068 3316 1127 3372 hcc
1156 3312 1263 3390 opella
1285 3320 1361 3371 satis
1382 3313 1430 3371 lc·

499 3415 582 3474 viter
603 3411 859 3491 prelibavimus,
881 3428 934 3467 eos
957 3407 1093 3487 largiore
1113 3408 1247 3468 sortasse
1268 3427 1426 3469 commcn-

502 3511 623 3568 tstione
643 3508 792 3585 deinceps
812 3503 1057 3584 explicabimus.
