3284 5054
556 560 768 619 CLEONI'III
1044 565 1081 623 51

200 721 260 801 ius
288 717 403 800 huius
424 718 655 800 hereditatis
676 720 870 802 adeundae
891 718 1130 802 discendum

200 881 267 940 est.
290 857 587 970 Iniquissimum
618 877 748 940 autem
781 879 905 956 esset,
935 860 969 942 si
1003 878 1130 973 quum

199 998 403 1110 ceteroqui
433 1026 509 1109 pro
538 997 586 1079 iis
620 995 808 1108 suffragia
839 997 944 1080 ferre
974 999 1133 1081 soleatis

200 1136 268 1249 qui
299 1138 535 1219 alterutrum
565 1137 831 1233 ostenderint,
868 1165 911 1219 se
939 1137 1132 1219 nimirum

198 1295 266 1356 aut
287 1304 436 1388 genere
455 1296 522 1356 aut
540 1273 818 1357 benevolentia
840 1274 997 1384 priores
1012 1273 1132 1357 fuisse

198 1417 306 1528 apud
336 1435 562 1507 mortuum3
596 1440 695 1505 nos,
736 1410 881 1525 quibus
915 1435 1131 1526 utrumque

196 1554 408 1637 manifesto
438 1553 573 1648 adest,
603 1551 708 1632 solos
746 1549 935 1662 indignos
969 1553 1131 1634 heredi*

196 1713 274 1775 tate
304 1689 518 1802 Cleonymi
547 1688 785 1771 iudicaretis.

255 1829 402 1910 XVIII.
435 1829 554 1931 Quod
583 1826 616 1908 si
645 1824 749 1908 forte
782 1805 1029 1937 Polyarchus
1059 1856 1134 1940 pa·

199 1989 261 2048 ter
293 1965 529 2078 CleonymI‚
571 1991 671 2046 avus
707 1987 874 2061 noster,
915 1967 1045 2046 adhuc
1075 1965 1132 2049 vi·

197 2126 342 2203 vetet,
372 2127 411 2190 et
437 2104 670 2188 necessariis
698 2107 748 2186 ad
780 2103 928 2186 rictum
958 2105 1130 2203 careret3

195 2268 261 2329 aut
307 2247 341 2330 si
374 2248 619 2357 Cleonymus
657 2245 840 2341 obiisset,
889 2242 1037 2328 relictis
1077 2244 1126 2328 fi·

193 2385 323 2469 liabus
342 2384 599 2496 pauperibus
614 2382 732 2464 nobis
744 2382 939 2495 profecto,
958 2404 1126 2498 propter

196 2525 559 2638 propinquitatem,
589 2545 673 2604 tum
696 2524 761 2605 avi
789 2543 990 2604 senectam
1017 2526 1126 2606 alere

197 2691 358 2744 necesse
417 2662 559 2758 soret,
620 2683 704 2743 tum
758 2661 973 2773 Cleonymi
1022 2654 1135 2745 filias
1193 2728 1195 2731 .

196 2821 265 2883 aut
310 2800 351 2882 in
390 2779 690 2885 matrimonium
720 2800 925 2914 recipere,
958 2822 1026 2883 aut
1054 2804 1136 2884 do·'

196 2958 296 3021 tatas
325 2937 412 3020 aliis
441 2941 646 3024 collocare.
677 2941 807 3055 Atque
837 2941 891 3025 ita
910 2924 983 3024 nos
1004 2971 1127 3055 agere

197 3065 288 3160 cum
338 3077 619 3191 propinquitas
658 3099 698 3161 et
724 3082 859 3194 leges,
890 3100 975 3161 tum
1004 3082 1124 3162 eriam

194 3222 336 3300 natura
365 3217 506 3299 insitus
534 3218 665 3328 pudor
686 3238 863 3330 cogeret:
882 3244 993 3299 secus
1014 3219 1124 3302 enim

194 3377 234 3437 et
282 3357 424 3468 grandi
477 3359 614 3440 multae
663 3379 703 3437 et
748 3382 906 3437 summo
935 3358 1123 3440 dedecori

280 3620 475 3640 .......
500 3582 608 3640 Verum
628 3585 654 3639 si
676 3595 808 3661 cognato
830 3595 1057 3653 eumarum,

278 3679 349 3737 Non
363 3679 431 3754 suit
439 3699 559 3740 necesse
574 3681 689 3740 habere
700 3706 709 3738 :
726 3683 800 3750 sed,
823 3683 854 3740 id
867 3684 1104 3761 quodlert‘ubet

279 3780 389 3839 Dotem
410 3779 543 3841 dareris.-
564 3796 713 3860 quoereret
732 3785 824 3843 allum
843 3789 950 3845 virum.
