3284 5054
702 546 930 610 PRAEFATIO
1206 547 1239 605 13

390 680 476 740 tm.
508 681 576 741 lent
598 681 697 740 cotlex
719 682 951 738 Ambrosianus
972 679 1070 737 hebet
1089 675 1189 757 plane
1212 693 1279 734 eas-
1334 685 1479 771 ‘'⁵T·j:···

352 784 424 840 dem
457 777 596 836 Picturas
631 792 728 856 atque
762 777 952 844 Vaticanus,
982 778 1155 852 eademque
1186 748 1417 850 aetatel'rlolllfl.
1439 748 1482 824 'll

352 879 491 953 scriptus
516 875 651 943 videtur,
675 892 791 950 nempe
814 870 930 930 saeculo
953 873 1080 929 circiter
1098 870 1246 946 11.qttod
1265 841 1325 925 eu'
1339 841 1484 879 mumma·-

352 969 554 1028 Picturarum
577 968 811 1044 scripturaque
835 978 964 1035 natura,
986 968 1078 1022 cuius
1095 965 1141 1021 rei
1161 962 1284 1019 utrius·

353 1084 417 1144 que
439 1063 614 1140 specimina
634 1063 768 1129 damus,
790 1063 947 1119 coniicere
969 1058 1088 1117 licebit.
1109 1057 1225 1115 Verum
1248 1056 1282 1112 itt

351 1158 414 1214 hoc
433 1156 498 1212 sere
520 1153 625 1211 differt
646 1167 756 1210 noster
777 1156 898 1220 codex,
920 1156 1007 1232 quod
1029 1168 1161 1210 ornatus
1183 1153 1283 1209 inter·

354 1255 430 1311 ‹luttt
453 1249 603 1310 nonnihil
624 1252 784 1309 abludunt
806 1256 845 1309 ab
882 1253 998 1322 editis,
1030 1253 1073 1310 ite
1108 1265 1214 1310 temen
1248 1256 1285 1305 ut=

354 1346 573 1406 Ambrosiante
596 1348 730 1423 picturte
742 1348 782 1402 ad
797 1347 999 1423 antiquitatis
1016 1346 1133 1404 formes
1150 1343 1319 1428 propiusX

353 1450 514 1502 accedant.
538 1442 657 1501 Gestus
693 1442 769 1497 item
806 1440 977 1517 aliquoties
1010 1457 1218 1518 personarum
1252 1447 1285 1495 et

354 1533 510 1594 nonnulla
532 1552 666 1612 paterga
688 1535 814 1590 diversa
834 1546 920 1592 sunt.
947 1531 1032 1590 Illud
1060 1547 1108 1590 est
1142 1535 1285 1610 insigne,

355 1632 441 1708 quod
465 1627 694 1685 Ambrosianus
713 1629 753 1683 ad
783 1624 1137 1684 Heautontimorumeni
1168 1630 1286 1682 Actum

355 1723 407 1782 ttl.
432 1742 559 1782 scenam
587 1720 638 1778 ul.
661 1740 690 1778 v.
713 1721 814 1778 xxxtl.
837 1720 995 1780 Picturam
1027 1723 1175 1780 ineditam
1199 1721 1287 1778 exhi·

290 1831 292 1834 ’
358 1820 414 1877 bet
435 1817 613 1877 Chremetis
634 1831 665 1874 et
686 1817 756 1897 Syri
778 1815 1043 1896 colloquentium.
1064 1817 1108 1875 lla
1141 1835 1239 1895 porro
1267 1837 1286 1874 a

355 1915 521 1972 Vaticanis
543 1914 733 1970 membranis
754 1915 873 1971 idcirco
893 1915 1005 1985 abest,
1038 1917 1113 1992 quia
1134 1915 1229 1972 unica
1252 1913 1285 1971 in

360 2011 405 2076 eis
431 2029 524 2068 scena
545 2019 617 2077 est,
640 2027 735 2086 quam
760 2009 792 2064 in
824 2011 902 2067 duas
933 2007 1132 2068 Ambrosiani
1167 2013 1286 2068 codicis

362 2107 499 2184 scriptor
521 2106 676 2163 distinxit.
699 2104 736 2162 Et
756 2118 863 2163 tamen
879 2107 995 2165 ibidem
1014 2125 1125 2165 manus
1142 2111 1286 2185 qoaedum

363 2202 524 2261 recentior
558 2199 768 2257 differentiam
799 2200 849 2258 his
884 2199 991 2258 verbis
1024 2203 1162 2260 notavitr
1199 2202 1287 2260 Multi

359 2308 463 2355 textus
496 2298 574 2370 hope
604 2311 726 2353 scenam
759 2299 948 2354 coniunctam
976 2295 1089 2355 babent
1119 2298 1285 2376 superiori,

358 2390 441 2473 quod
474 2392 579 2448 melius
617 2390 744 2447 videtur.
776 2387 931 2448 Praeterea
961 2403 1033 2448 ante
1065 2391 1288 2470 Adelphorum

350 2482 574 2563 'epigraphem
591 2495 767 2560 personatos
782 2486 926 2562 quiedam
938 2499 1093 2562 protorum
1114 2499 1289 2545 occurrunt

360 2581 456 2661 plane
480 2577 551 2640 alia
577 2579 617 2636 ab
647 2579 750 2635 editis.
770 2577 916 2655 Denique
930 2577 1113 2637 Phormioni
1127 2582 1288 2658 personati

362 2678 438 2733 item
462 2672 569 2732 vultus
593 2673 827 2751 prteftguntur‚
859 2692 996 2751 quorum
1023 2675 1142 2734 similes
1168 2675 1289 2733 frustra

364 2772 398 2826 in
413 2768 506 2824 editis
529 2785 664 2844 quoeras.
686 2765 767 2822 Sunt
796 2781 901 2824 autent
919 2767 1134 2828 Ambrosinnae
1149 2770 1286 2828 Picturae

365 2859 460 2939 paulo
473 2859 632 2919 Vaticanis
656 2859 865 2939 elegantiores
880 2903 887 2932 ‚
904 2879 1059 2940 quantum
1082 2885 1137 2943 ego
1160 2868 1285 2943 quidem

365 2975 403 3012 ex
417 2953 590 3013 collatione
613 2957 788 3034 praesertim
801 2957 1024 3037 Agincurtanae
1035 2959 1190 3020 Editionis
1208 2966 1287 3023 mihi

364 3051 599 3128 deprehendere
632 3053 718 3110 visus
752 3070 832 3108 sum.
870 3051 1048 3133 (Namque
1081 3058 1114 3113 in
1146 3059 1291 3135 superio-

364 3144 452 3203 ribus
482 3142 681 3202 Editionibus
717 3147 849 3221 picturae
884 3146 1039 3205 cultiores
1073 3168 1148 3207 vero
1183 3151 1291 3212 efficta

364 3251 519 3319 putantur
531 3237 555 3313 ).
573 3235 675 3293 Habet
696 3239 834 3316 donique
860 3241 913 3297 hic
933 3243 1176 3319 antiquissimus
1192 3250 1292 3307 codex

364 3335 524 3391 variarum
548 3329 721 3389 lectionum
754 3333 939 3409 praeclaram
972 3352 1106 3415 segetem
1128 3353 1160 3396 et
1181 3347 1292 3422 copio-

367 3429 505 3487 sissimas
520 3424 657 3505 glossas,
681 3427 800 3502 quibus
824 3447 881 3505 ego
904 3427 1107 3505 publicandis
1128 3437 1190 3494 hoc
1212 3453 1294 3497 tem.

366 3541 444 3601 pore
471 3524 675 3599 supersedeo.
702 3519 804 3579 llabet
824 3539 853 3580 et
868 3525 990 3584 scholia
1003 3532 1145 3605 quosdam
1157 3537 1292 3612 margini
1321 3541 1429 3608 ‘setona'
1444 3540 1492 3581 t...

365 3617 536 3685 adiuncta,
563 3635 633 3695 qttae
665 3636 768 3696 neque
790 3621 946 3696 sequioris
966 3629 1068 3682 aetatis
1090 3595 1494 3700 iudicamus,lilitiil.'‘''”'

370 3730 464 3788 quam
500 3713 605 3788 ipsuttt
638 3715 799 3783 codicem,
830 3735 932 3787 neque
965 3717 1066 3776 multo
1100 3724 1294 3800 antiquiora.

369 3805 477 3862 Genus
512 3823 621 3863 eorum
657 3826 713 3867 nec
749 3811 921 3873 sdmodum
950 3812 1075 3896 elegans
1109 3837 1169 3878 nec
1202 3818 1295 3898 plane
