3284 5054
567 496 589 559 ⁸
898 491 1092 551 EDITORlS

484 669 486 673 <
526 647 608 696 tatas
632 626 686 695 illi
704 625 786 695 arbi
803 625 963 708 felicior,
979 644 1086 719 quam
1104 649 1182 717 quae
1199 625 1332 712 decem,
1345 628 1453 697 simul

525 746 716 814 Oratoram
740 747 879 836 copiam
896 743 1031 811 effudit.
1055 746 1096 811 ln
1112 745 1167 810 hia
1187 745 1256 811 fuit
1274 745 1454 827 lSAEUS,

523 861 711 944 Isocratis,
737 879 828 928 teate
853 863 1025 950 Dionysio
1055 862 1366 931 Halicarnassensi
1393 878 1452 947 (ι),

523 978 733 1072 discipulus,
748 978 907 1069 Lysianae
925 979 1142 1072 eloquentiae
1170 982 1334 1063 aemulat,
1351 1005 1451 1050 aum·

522 1121 663 1167 morum
699 1094 996 1189 pbiloaopboram
1031 1097 1240 1165 familiaria:
1277 1100 1340 1191 qai
1370 1121 1452 1168 cam

525 1216 613 1285 olim
637 1217 676 1282 in
700 1215 778 1282 soro
816 1218 926 1283 attico
960 1213 1176 1283 mirabiliter
1212 1217 1348 1298 eluxit,
1378 1237 1453 1286 tam

525 1330 611 1402 ideo
635 1335 815 1426 precipue
839 1331 936 1426 qaod
961 1334 1039 1400 eiua
1072 1329 1280 1430 magisterio
1317 1352 1353 1403 et
1390 1358 1453 1403 au·

526 1452 651 1545 tpiciia
688 1450 810 1520 divina
847 1451 903 1521 via
940 1449 1220 1520 Demosthenica
1249 1470 1337 1520 mata
1373 1470 1451 1537 eat,

523 1594 654 1640 comeo
680 1595 782 1639 auum
806 1570 1065 1638 immortalitati
1091 1571 1364 1643 commendavit.
1390 1577 1452 1642 At·

366 1692 369 1700 '
479 1714 482 1719 ·
522 1714 599 1784 que
623 1693 760 1759 utinam
800 1710 845 1755 ex
879 1705 977 1755 tanta
1010 1687 1179 1757 ubertate
1215 1683 1454 1784 romptorum,

480 1846 483 1852 ·
524 1808 658 1902 quibas
681 1805 790 1904 graeci
815 1824 975 1874 oratores
992 1803 1297 1874 bibliothecarum
1314 1807 1452 1878 forulos

426 1934 429 1939 ’
523 1926 770 2007 referserunt,
794 1923 1016 2015 copiosiores
1039 1921 1206 2013 reliquia
1230 1943 1372 1994 cratem
1396 1945 1453 1995 tu·

476 2128 479 2132 ⁴
524 2041 665 2113 liaaetrtl
683 2043 783 2111 Nunc
801 2059 853 2110 tot
878 2041 1092 2133 optimarum
1108 2041 1310 2110 orationum
1334 2043 1452 2111 iacta,

524 2187 567 2235 ra
606 2185 726 2257 quam·
756 2179 881 2253 pectus
919 2180 1037 2228 meum
1074 2180 1227 2228 moerore
1265 2158 1451 2252 pulsaret,

523 2274 664 2354 niallam
689 2280 778 2349 milri
803 2277 960 2371 lapidem
977 2276 1191 2346 movendum
1215 2278 1453 2363 concentui,
1515 2340 1518 2347 .

526 2421 567 2471 ut
590 2400 721 2494 aiquod
746 2398 982 2468 clarissimum
1006 2396 1149 2466 Graeciae
1175 2397 1314 2478 lumen,
1340 2419 1451 2464 aaecu·

523 2518 641 2589 lorum
666 2519 799 2590 iniuria
826 2521 1051 2599 extinctum,
1074 2514 1211 2584 alicubi
1244 2516 1338 2584 forte
1372 2539 1450 2584 aor-

525 2638 711 2720 deaceret,
735 2637 773 2704 id
796 2660 863 2733 ego
888 2633 1123 2732 diligentibus
1155 2633 1285 2704 ttudiia
1320 2655 1449 2701 accen·

525 2755 682 2825 dendam
721 2778 894 2857 curarem.
932 2756 975 2824 Et
1011 2754 1136 2847 paucio
1175 2751 1323 2845 quidem
1364 2769 1446 2822 ante

525 2875 630 2944 annia
668 2874 835 2942 Isocratis
872 2873 998 2942 Oratio
1041 2873 1083 2940 de
1119 2871 1383 2940 permutatione
1427 2895 1447 2940 e

524 2991 690 3062 Mediceo
713 2979 1024 3085 Ambroaiaaoque
1062 2988 1248 3058 codicibus
1283 2981 1448 3059 cumula·

526 3109 946 3203 titaimaprodiit31trei
982 3132 1081 3190 vero,
1104 3108 1332 3202 deperditam
1356 3110 1445 3177 Ora·
1543 3164 1545 3169 ,

525 3239 661 3307 tionem
698 3237 740 3305 de
778 3233 941 3304 Meneclr's
979 3234 1169 3302 hereditate
1203 3233 1447 3302 Londinenaea

524 3359 602 3450 typi
627 3347 773 3451 triginta
805 3352 939 3425 abhinc
977 3354 1078 3421 annia
1115 3350 1346 3421 Eruditoram
1372 3374 1447 3420 ma·

524 3475 632 3546 tribua
656 3473 894 3544 tradiderunt.
917 3474 1053 3542 lamet
1076 3494 1143 3568 ego
1182 3493 1292 3563 qaam
1329 3492 1445 3564 nuper

562 3725 935 3809 (oltertde'lm.
