3284 5054
547 500 758 561 suscitata
1039 502 1077 582 ³9

188 667 308 716 autem
350 641 473 736 siquid
508 641 597 711 honi
637 640 862 735 magistratui
887 661 967 707 meo
1005 639 1123 722 inest,

189 791 262 835 non
314 787 432 832 meum
485 761 524 828 id
574 778 664 843 est,
708 758 770 829 sed
829 756 875 826 ab
925 758 1126 849 exemplari

189 906 413 978 expressum.
439 883 526 950 Nam
553 880 712 947 siluero
738 879 915 955 abstinui,
940 879 1125 950 aemulatus

187 1029 268 1072 sum
295 1026 376 1072 eum
402 1003 465 1094 qui
498 999 661 1092 quotidie
697 999 787 1066 aiios
823 997 924 1066 ditat.
961 998 995 1066 Si
1033 999 1124 1069 iram

187 1126 370 1208 cohibui,
408 1125 452 1194 ad
479 1149 559 1195 eum
587 1125 652 1215 qui
677 1145 733 1191 me
758 1124 870 1216 elegit
895 1123 1049 1214 respexi.
1087 1121 1124 1192 Si

189 1247 413 1338 pupillorum
433 1246 580 1312 tutelam
606 1244 725 1337 gessi,
752 1265 976 1311 communem
992 1264 1124 1333 paren·

189 1382 259 1433 tem
300 1366 463 1450 imitatus
487 1386 576 1430 sum.
617 1363 651 1429 Si
676 1360 820 1427 civilem
847 1382 1024 1428 annonam
1050 1381 1125 1426 non

187 1484 257 1551 sivi
283 1483 415 1551 damno
447 1480 580 1560 adfici,
606 1479 676 1547 hoc
701 1481 786 1547 item
812 1476 858 1547 ab
884 1478 1009 1547 eodem
1042 1477 1122 1544 son-

187 1620 222 1668 te
248 1600 366 1668 hausi.
392 1603 425 1669 Si
452 1603 508 1668 ins
525 1624 570 1669 ex
588 1601 708 1695 legum
727 1598 937 1690 prescripto
960 1595 1120 1679 reddidi,

188 1718 232 1786 nd
272 1721 393 1786 vivam
436 1720 554 1811 legem
596 1719 767 1811 spectavi.
816 1718 909 1809 Ergo
953 1714 1124 1784 adversus

185 1838 332 1905 aemulos
351 1863 448 1906 meos
468 1839 553 1907 satis
571 1858 817 1930 comparatus,
842 1862 967 1907 eorum
984 1840 1028 1907 ad
1045 1846 1128 1932 quse*

191 1956 345 2041 dicenda
381 1982 477 2025 nunc
503 1941 695 2050 adgredior
720 1958 891 2026 invidiam
925 1958 1125 2051 deprecor,

188 2092 225 2142 et
250 2079 470 2144 sententiam
497 2096 652 2145 vestram
678 2096 872 2146 contestor.

232 2195 291 2261 xl.
303 2195 382 2263 Nou
395 2199 512 2264 miuus
524 2197 611 2265 mihi
628 2196 821 2266 honorifici
831 2198 1127 2290 fueruntaiiquot

187 2338 328 2382 meuses
343 2316 466 2384 multis
478 2321 722 2410 annistnequc
730 2322 862 2412 reliqui
877 2319 1123 2390 subditosmc·

187 2457 226 2500 os
241 2458 387 2526 gravem
403 2437 608 2505 incusantes
623 2454 735 2506 meatu
749 2438 1045 2518 dominationem,
1060 2438 1123 2506 sed

184 2553 441 2644 discupieutes'.
451 2556 576 2646 Neque
590 2557 685 2624 enim
699 2555 870 2648 temporis
883 2556 1122 2626 diuturnitate

185 2669 253 2738 tibi
266 2669 556 2742 benevolentiam
568 2671 792 2743 subditorum
805 2675 1045 2764 comparabis,
1058 2653 1124 2745 sed

186 2789 418 2881 providentia
433 2811 471 2859 et
483 2793 690 2861 sedulitate:
703 2796 785 2863 item
801 2796 830 2864 si
845 2796 935 2864 nihii
950 2797 1121 2887 praeferas

185 2910 366 2974 communi
380 2908 540 2992 utilitati,
556 2935 627 2980 nou
652 2936 780 2985 vanam
811 2914 933 3008 gloriae
960 2917 1121 3006 speciem

185 3048 256 3092 non
274 3025 483 3096 dominandi
502 3032 747 3122 cupiditatem:
764 3037 793 3101 si
814 3033 904 3102 nihii
919 3031 1007 3111 odii,
1027 3033 1123 3101 nihil
1149 3085 1154 3098 .

184 3145 308 3239 gratie
321 3168 428 3214 causa
438 3149 558 3219 facias.
569 3153 639 3237 Qui
649 3150 750 3221 hisce
759 3152 1121 3247 regillisutiturmul·

186 3270 1121 3366 torumanuorumnonindiget,immoethocspatium

185 3384 425 3477 pertimescit.
436 3387 588 3454 Difficile
602 3390 696 3456 enim
711 3409 764 3456 est
776 3388 914 3457 homini
929 3388 1119 3456 honestam

182 3593 242 3636 Ont.
254 3603 333 3642 xvll..
352 3597 455 3656 adeoque
474 3598 566 3638 nonnisi
585 3611 710 3654 paucorum
727 3611 840 3639 mentium
863 3605 1019 3658 magistratum
1038 3597 1117 3654 ,suia

183 3671 254 3717 tom
263 3675 308 3719 hoc
317 3681 369 3733 into
378 3692 439 3721 suno
449 3678 503 3732 ³⁸4·
513 3677 646 3732 consenso
664 3679 732 3721 etim
742 3678 796 3721 Aue.
807 3678 956 3721 svm-etms
966 3692 1065 3722 mun·
1072 3676 1116 3720 Ut·

179 3749 218 3794 bis
228 3752 384 3810 putescum
391 3760 494 3816 snoecpit
503 3757 532 3815 (V
542 3756 662 3802 conium
670 3754 793 3818 seproefee
811 3755 895 3820 unu).
905 3759 1033 3816 Qum-duo
1042 3761 1115 3818 priu-

185 3836 248 3893 cipss
265 3844 368 3882 oratores
379 3838 468 3884 &abus
475 3839 626 3901 principibus
633 3839 731 3886 utiam
738 3838 820 3885 eodan
830 3847 935 3901 tempos·
942 3807 1125 3947 primif(
