3284 5054
444 505 481 565 t4
769 487 963 551 enrroms

399 622 588 691 atticorum
610 619 796 690 rhetorum
832 622 1010 689 orationes
1046 643 1121 688 uon
1143 643 1222 689 esse
1245 622 1322 715 ple·

399 756 551 833 rumque
576 739 623 808 ad
645 741 815 809 Tullianae
850 741 962 833 copie
994 741 1171 808 rationem
1196 743 1322 834 exqui-

398 858 539 929 rendas.
580 860 742 929 Brevitas
778 859 874 927 enim
902 881 951 925 ac
978 880 1064 926 sans
1101 858 1261 953 quadam
1286 877 1323 928 et

399 973 546 1046 robusta
573 978 713 1044 siccitas
739 978 937 1045 Atticorum
962 975 1110 1069 propris
1132 977 1209 1044 leus
1233 994 1299 1044 est.

445 1097 502 1164 vt.
526 1097 600 1191 Age
622 1117 710 1164 vero
733 1119 843 1188 quum
858 1096 897 1162 in
910 1092 980 1161 hoc
998 1111 1097 1163 motu
1120 1112 1321 1186 temporum

255 1243 383 1310 ¹aetrnum
398 1228 568 1303 tantaque
592 1212 631 1281 iu
654 1211 891 1280 conversione
926 1211 1126 1280 studiorum
1166 1234 1209 1278 ac
1233 1233 1317 1304 per·

197 1309 311 1413 '‘Jm,
341 1313 380 1343 ’θ’
398 1328 603 1398 turbatione
626 1330 813 1410 vivamus3
838 1352 947 1421 quum
973 1345 1048 1397 tota
1065 1327 1167 1397 ltslia
1182 1329 1238 1396 rei
1261 1328 1323 1397 lit·

398 1447 536 1517 terarie
562 1445 815 1541 componenda
847 1446 909 1516 det
933 1469 1110 1539 operam,
1138 1445 1226 1540 qnid
1251 1469 1317 1539 op·
1451 1517 1453 1519 ,

398 1561 589 1652 portunius
612 1558 693 1629 fieri
709 1576 877 1653 poterat,
902 1582 1009 1651 quam
1031 1559 1178 1651 antiqua
1202 1580 1323 1631 exem·

399 1679 516 1770 plaria
536 1677 734 1771 eademqne
757 1676 1017 1769 perfectissima
1045 1674 1220 1745 extundi?
1248 1677 1324 1744 Un-

274 1848 278 1857 .
398 1795 528 1865 denam
550 1818 660 1890 porro
700 1796 800 1890 genti
839 1792 971 1863 Italica
1007 1795 1199 1864 secundior
1236 1816 1324 1863 sura

398 1936 506 2007 quam
544 1914 589 1983 ab
631 1916 762 1984 Graecis
803 1911 982 1982 addetur?
1024 1937 1177 2006 quornm
1212 1937 1324 2007 quum

398 2030 568 2100 fluctibus
591 2033 754 2125 proxime
772 2030 938 2111 alluatur,
961 2038 1037 2123 psr'
1051 2049 1106 2098 est
1128 2049 1165 2099 ct
1186 2028 1324 2098 doctri-
1450 2032 1453 2038 '

398 2149 455 2216 nis
495 2147 672 2246 adspergi.
710 2148 819 2241 Atqui
852 2146 988 2216 iamdiu
1024 2150 1080 2215 ¹est
1114 2169 1194 2216 cum
1225 2147 1323 2215 inter

398 2288 465 2334 nos
489 2266 603 2359 serpit
638 2264 817 2336 infinitum
856 2267 988 2335 malum
1027 2286 1159 2361 grecas
1181 2263 1321 2332 litteras

396 2381 510 2450 veluti
549 2384 757 2481 peregrinas
797 2403 835 2454 et
872 2383 1054 2453 abstrusas
1098 2379 1321 2450 fastidiendi.

398 2501 585 2570 Onomeu
608 2500 713 2570 dulce
747 2504 1026 2598 grecenicarum
1063 2498 1321 2569 musarumlO

398 2617 476 2685 laus
500 2620 631 2689 eximia
660 2621 851 2688 atticorum
881 2619 1100 2688 studiorum!
1138 2620 1169 2687 0
1192 2619 1320 2711 lepos,

401 2756 423 2801 o
446 2751 595 2819 cantus,
619 2761 640 2803 o
655 2760 806 2805 veneres
821 2737 930 2829 Lycei
948 2786 959 2819 ,
982 2737 1195 2819 Heliconis,
1212 2727 1321 2830 atque

397 2851 576 2942 Hymettil
612 2854 785 2937 Homeri,
821 2854 1006 2936 Platonis,
1043 2852 1322 2946 Xenophontis,

397 2969 647 3037 Demosthenis
670 2972 809 3041 litteras
833 2992 906 3042 tam
931 2973 1159 3069 infrequenti·
1178 2971 1323 3045 deside·

398 3087 453 3153 rio
477 3087 523 3154 ab
549 3086 837 3159 adolescentibus
853 3093 984 3161 nostris
1003 3095 1124 3186 expeti
1150 3094 1231 3186 quis
1245 3112 1322 3161 non

398 3206 543 3303 gemat?
562 3211 643 3301 quis
658 3233 733 3278 non
748 3211 932 3306 aegerrime
953 3211 1071 3282 ferat?
1100 3212 1211 3294 Illud,
1237 3231 1322 3292 oro,

397 3327 692 3413 meminerimus,
717 3330 858 3398 Italiam
882 3353 957 3399 non
987 3330 1098 3399 semel
1122 3342 1320 3424 graecarum

398 3441 642 3514 doctrinarum
666 3448 858 3540 splendore
881 3447 1165 3531 luculentissime
1205 3443 1323 3512 collu-

399 3576 556 3628 stratam.
579 3563 739 3656 Namque
764 3584 801 3635 et
830 3566 917 3633 olim
949 3586 1030 3632 cum
1058 3585 1181 3631 rernm
1206 3561 1322 3655 impe·

399 3674 455 3742 rio
481 3698 597 3773 greca
621 3679 777 3749 eruditio
803 3682 949 3750 Romam
973 3678 1250 3778 commigravit,
1285 3698 1324 3750 et
