3284 5054
258 646 298 687 ἦ
599 590 805 652 SUSCEPTA
1040 599 1079 655 33

191 743 413 819 spectatores
439 741 577 792 tantum
602 723 809 793 habuerunt
832 743 1015 821 gestorum
1040 752 1124 795 suo·

188 870 296 924 rum3
322 843 534 936 pertrahere
558 863 676 912 autern
703 846 739 912 in
766 847 883 936 ipsum
909 846 1061 919 stadium
1089 865 1127 915 et

190 962 379 1055 pulverem
415 987 461 1028 ne
497 965 526 1030 si
563 964 698 1031 veilent
734 964 878 1055 quidem
920 983 1127 1067 potuerunt.

190 1083 297 1149 Secus
327 1080 495 1150 feceruut
535 1078 767 1174 Imperatoris
805 1085 919 1150 nostri
955 1102 1125 1175 parentes

189 1217 225 1264 et
250 1200 500 1294 antesignani,
527 1223 679 1291 quorum
696 1201 856 1293 ingentia
872 1202 1017 1267 nomina
1032 1201 1124 1268 sama
1141 1273 1144 1280 ,

189 1317 433 1385 concelebrat.
459 1318 506 1384 Hr
531 1317 669 1409 quippe
695 1319 864 1385 Ariannm
890 1338 927 1387 et
943 1319 1125 1387 Rusticum

188 1458 208 1504 a
225 1436 329 1503 libris
346 1433 617 1517 abstrahentes,
644 1440 716 1502 tion
733 1438 896 1504 siverunt
912 1438 1005 1504 intra
1023 1457 1123 1505 atra·

187 1573 348 1622 mentum
367 1553 613 1620 tantummodo
631 1573 667 1620 et
695 1555 870 1621 calamum
888 1555 1124 1648 philosopha·

188 1674 246 1739 ri:
271 1695 389 1764 neque
416 1671 578 1739 scribere
604 1672 648 1739 de
666 1672 765 1740 virili
791 1677 937 1754 animo,
963 1693 999 1740 et
1024 1674 1123 1742 dorni

190 1790 349 1872 sedere,
371 1813 489 1881 neque
514 1790 692 1858 disserere
719 1790 763 1856 de
788 1790 957 1886 legibus,
995 1813 1030 1860 et
1056 1818 1123 1884 pu·

190 1907 304 1975 blicas
343 1932 400 1975 res
441 1910 557 1976 vitare
593 1933 744 2000 quarum
776 1933 883 1976 causo
914 1911 1121 1979 conduntur

190 2027 309 2120 leges:
349 2049 466 2118 noque
503 2026 699 2094 decernere
726 2050 889 2118 quaenam
914 2028 960 2093 sit
985 2029 1121 2118 optima
1188 2069 1193 2077 ·

189 2144 477 2228 administratio,
502 2165 540 2214 et
564 2145 608 2212 ab
628 2146 725 2213 omni
741 2169 782 2212 re
799 2145 957 2241 gerenda
974 2148 1121 2214 interim

188 2263 383 2333 abstinere.
423 2266 537 2360 Igitur
575 2288 649 2331 non
682 2284 818 2333 tantum
844 2265 888 2331 ad
915 2286 1122 2361 suggestum

152 2379 157 2387 '
184 2377 353 2446 homines
387 2395 672 2470 promoverunt,
709 2378 771 2444 sed
801 2381 909 2443 etiarn
936 2401 1049 2470 usque
1077 2378 1122 2445 ad

185 2496 344 2566 militare
385 2498 614 2588 pretorium:
649 2496 713 2587 qui
755 2495 997 2562 Romanorum
1035 2495 1121 2563 facti

186 2611 295 2681 duces
335 2616 457 2683 Portas
503 2613 647 2706 Caspias
680 2631 947 2706 perruperunt,
988 2614 1120 2682 Alanos

186 2752 231 2798 ex
266 2733 434 2800 Armenia
469 2734 715 2826 pepulerunt,
740 2729 829 2799 fines
855 2732 969 2800 iberis
1000 2751 1036 2800 et
1060 2734 1120 2802 Al-

185 2848 288 2916 banis
314 2851 600 2920 constituerunt:
636 2872 809 2944 praeterea
848 2870 884 2919 et
908 2851 1120 2947 dignitatern

186 2969 346 3036 consulis
388 2970 563 3072 ordinarii
603 2971 863 3053 obtinuerunt,
910 2989 946 3038 et
985 2994 1119 3068 magnae

185 3085 293 3152 Urbis
332 3087 583 3178 praefecturam
622 3108 812 3185 gesserunt
837 3141 861 3167 ,.
889 3109 924 3156 et
975 3092 1120 3155 senariis

218 3253 255 3316 (4)
265 3253 385 3298 Pressotus
393 3269 492 3299 romano
502 3256 570 3301 Urbis
580 3271 630 3299 stne
639 3259 711 3301 dubio
722 3258 888 3316 intelligendus
902 3264 936 3298 est
941 3255 1052 3298 Rusticus.
1063 3254 1120 3298 Nstn

184 3344 208 3380 st
224 3346 277 3379 sote
300 3336 359 3380 hano
374 3337 459 3380 oditsn
477 3337 600 3381 Themi-sti
619 3337 755 3383 Orationem
780 3336 896 3380 luculente
921 3339 1009 3380 tuentio
1032 3339 1121 3381 extabat

182 3416 271 3462 Rustici
291 3418 361 3462 Urbis
378 3415 482 3476 profesti
499 3421 524 3462 in
536 3418 655 3480 Rescripto
674 3420 780 3461 dirorum
794 3417 896 3461 Fratrum
915 3415 1005 3477 Digne.
1017 3417 1061 3462 Lib
1078 3433 1119 3478 49.

183 3498 230 3543 Tit.
243 3513 262 3543 r.
272 3500 324 3562 Lag.
339 3515 358 3545 r.
369 3502 379 3559 §
392 3506 413 3548 3.
423 3509 448 3546 et
456 3503 516 3560 epod
525 3500 681 3560 Epiphaniuro
691 3499 779 3544 Hoersr.
790 3499 829 3545 26.
839 3512 878 3543 seu
891 3499 930 3558 4⁶·
941 3509 962 3542 ot
979 3502 1004 3543 in
1017 3498 1080 3544 Actis
1089 3499 1120 3545 D.
1200 3553 1203 3559 Ι

184 3578 267 3624 lustiui
277 3590 300 3624 st
311 3580 421 3625 sonitu.
430 3584 491 3641 apud
501 3582 730 3626 Bottmd.r.1.1uati
741 3585 855 3641 p-18·ar.
866 3584 906 3624 ubi
918 3590 940 3624 et
949 3582 1121 3644 ioeusEpipbs.

183 3661 219 3702 nii
228 3663 371 3718 expenditur.
385 3663 453 3719 Quod
464 3679 518 3708 sero
533 3665 644 3710 cortino·
661 3664 689 3707 de
708 3659 833 3723 Profectio
854 3659 922 3706 Urbis
937 3663 966 3706 sd
980 3677 1064 3705 sonum
1075 3664 1119 3710 ch.

188 3744 241 3803 ¹⁶7·
254 3744 374 3792 Rossiousn
384 3746 416 3792 Μ.
429 3749 516 3793 Aureiii
526 3758 690 3809 preceptorem
701 3749 816 3794 sRuttioo
826 3747 936 3809 perfeeto
955 3747 1023 3791 Urbis
1033 3749 1118 3791 distin·

185 3825 302 3887 peneum
311 3836 404 3883 soum,
424 3830 449 3873 id
459 3829 517 3875 mihi
531 3830 627 3892 quidem
636 3830 702 3879 orote
712 3829 763 3876 i'srs
778 3833 829 3877 iuss
843 3829 872 3875 sb
881 3841 909 3875 eo
918 3826 970 3876 fiet
985 3828 1086 3875 sideros.

1000 3937 1031 3983 .0
