3284 5054
567 512 603 555 ro
890 495 1085 557 EDITORIS

403 687 405 690 Α
516 618 713 722 etatimque
739 630 888 700 miratus
912 656 1012 715 euru,
1044 635 1250 704 Mediceum
1280 637 1446 709 codicem

479 764 481 769 ’
520 771 570 818 x1.
595 750 685 818 Piut.
710 774 760 819 tv.
785 774 892 843 quem
917 752 1112 824 Bandiniuu
1138 753 1351 849 descripsit,
1384 782 1445 827 ea·

519 869 600 937 dem
625 871 731 961 pleno
758 871 930 938 Oratione
964 896 1041 940 esse
1078 873 1239 943 ditatum.
1276 876 1371 963 Quin
1409 895 1447 946 et

518 988 657 1082 regium
696 988 910 1055 Parieiacum
954 1012 1276 1060 unoeecouxrxrx.
1316 995 1446 1064 viden.-

519 1104 601 1172 dum
629 1111 811 1184 exietrmo,
837 1107 875 1173 in
900 1132 974 1198 quo
992 1109 1085 1177 idem
1103 1107 1300 1204 κειμήλιον
1316 1115 1445 1182 iuven·

519 1228 665 1293 tamiri
691 1224 923 1293 vehementer
947 1229 1121 1320 auspicor.
1147 1230 1294 1297 interim
1326 1248 1446 1300 tamen

519 1367 564 1411 ex
580 1342 815 1414 Ambrosiano
831 1370 892 1414 me.
910 1349 1050 1443 integra
1067 1345 1142 1414 haec
1161 1349 1314 1439 primum
1335 1371 1446 1415 excu-

518 1462 628 1530 tiatur
653 1466 800 1532 Oratio:
824 1442 898 1533 tuni
931 1469 1063 1548 etiam,
1096 1463 1193 1556 quod
1231 1465 1367 1534 adtinet
1400 1466 1446 1537 ad

516 1593 654 1675 p'urtem
679 1585 831 1666 editam,
855 1585 981 1652 multie'
1000 1586 1039 1652 in
1063 1582 1154 1652 locis
1179 1583 1381 1655 emendata.

315 1707 500 1830 mmm:
561 1702 619 1768 IV.
643 1704 807 1770 lamvero
831 1700 876 1768 de
894 1694 981 1812 laceo
998 1724 1113 1770 actum
1137 1726 1255 1797 agam,
1273 1705 1303 1771 ei
1328 1725 1443 1771 meam

315 1843 499 1903 niumm·-
516 1822 729 1894 sententium
753 1822 995 1911 interponam:
1012 1821 1212 1911 praesertim
1228 1844 1339 1912 quum
1355 1823 1442 1888 Dio·

313 1919 387 1954 ’Μ’
514 1938 610 2027 nyaii
634 1936 960 2004 Halicarnassenaie
978 1937 1158 2028 prolixum
1180 1936 1354 2005 iudicium
1379 1963 1443 2007 ex-

516 2072 590 2134 tet,
614 2055 677 2145 qui
701 2052 797 2121 hunc
822 2053 970 2148 dignum
995 2075 1078 2121 cum
1113 2032 1238 2145 paucio
1277 2078 1321 2121 ex
1358 2079 1440 2122 ora·
1547 2118 1550 2123 .

517 2168 654 2238 toribus
679 2170 802 2267 grecis
827 2171 1065 2253 existimavit,
1083 2170 1126 2239 de
1144 2195 1216 2265 quo
1233 2189 1441 2240 accuratum

513 2310 663 2357 examen
687 2290 905 2357 institueret.
940 2290 989 2361 Et¹
1021 2289 1175 2380 primum
1211 2289 1357 2382 quidem
1398 2312 1441 2358 ea

514 2430 613 2476 mene
639 2426 693 2476 eet
716 2407 907 2498 Dionysio,
937 2409 1061 2476 Iseum
1094 2407 1182 2475 adeo
1216 2406 1261 2474 ad
1298 2409 1439 2497 Lysiam

513 2528 712 2607 accedere,
738 2545 777 2595 ut
800 2528 990 2619 utriusque
1016 2526 1196 2595 orationes
1220 2548 1314 2620 egre
1339 2527 1438 2595 inter

513 2668 552 2713 ee
575 2645 849 2741 dintinguantur.
868 2648 918 2742 'iu
942 2646 1082 2738 aliquot
1106 2663 1227 2715 tamen
1253 2645 1437 2738 capitibus

513 2759 728 2853 aDiony'sio
765 2766 876 2854 Lysiae
912 2765 1102 2857 prefertur
1131 2767 1247 2834 Isaeus.
1286 2764 1437 2834 Scilicet

511 2880 571 2950 hie
596 2901 632 2952 et
655 2884 854 2976 sapientius
872 2870 1153 2975 partee'videtur
1182 2885 1216 2951 ei
1242 2883 1438 2953 distribue·

445 3079 448 3083 ,
510 3016 559 3077 re
581 3010 644 3087 (¹),
680 3021 717 3070 et
750 3025 826 3072 rem
846 3002 1012 3070 ornatius
1051 3004 1235 3098 magisque
1259 3001 1438 3069 rhetorice

510 3122 709 3215 explicere,
725 3140 761 3191 et
776 3120 936 3215 denique
954 3121 999 3190 ad
1017 3121 1294 3191 Demosthenem
1309 3121 1429 3213 potius

548 3435 590 3502 (r)
610 3430 714 3487 Confer
733 3430 905 3488 Frontonem
932 3433 1038 3490 Laudes
1068 3436 1142 3491 Furti
1169 3448 1194 3487 et
1222 3431 1343 3489 autoris
1361 3429 1434 3486 Edi-

510 3521 595 3577 tionie
616 3541 719 3578 noerre
739 3527 880 3596 principie
900 3525 1122 3579 Mediolanenrrt
1143 3542 1170 3594 p.
1191 3520 1257 3593 364
1279 3525 1328 3594 qui
1354 3542 1430 3578 eem-
1512 3597 1514 3601 y

509 3616 574 3670 dem
604 3616 680 3687 apud
711 3615 826 3688 Lyeiarn
855 3632 1085 3688 argumentorum
1111 3615 1358 3689 perturbationem
1390 3634 1426 3670 ex

399 3692 402 3698 ’
466 3756 469 3759 ,
507 3705 624 3768 Platone
643 3719 879 3793 commemorat..
