3284 5054
714 562 942 632 susumus,
1204 566 1244 640 ⁷³

356 752 360 761 .
407 700 533 770 XXIX.
549 702 623 798 Ego
640 718 778 785 autem,
796 719 836 770 ut
851 723 917 795 par
932 717 1029 783 erat,
1046 689 1211 768 terrestri
1227 697 1289 767 iti-
1371 717 1375 727 ·

362 846 452 891 nere
464 840 636 915 quantum
649 841 702 892 est
715 822 823 915 spatii
841 820 887 890 ab
905 821 1047 889 oriente
1060 817 1104 886 ad
1121 840 1290 887 occasum

361 965 485 1009 rursus
513 939 657 1009 decurri
678 943 837 1033 itemque
853 937 938 1006 inde
971 940 1155 1033 regressus
1171 934 1287 1019 sum,

361 1058 459 1150 quod
475 1059 563 1127 alias
577 1060 812 1150 praestiteram
826 1108 835 1140 ,
851 1073 980 1124 vestrae
997 1053 1098 1123 urbis
1114 1054 1288 1146 optimam

359 1177 489 1244 famam
508 1175 774 1260 circumferens.
789 1172 915 1265 Neque
932 1194 1018 1275 sane
1031 1170 1287 1263 nuperumitcr

360 1293 405 1362 ad
424 1295 595 1383 inclytam
611 1295 757 1360 Romam
771 1313 790 1358 c
804 1314 955 1360 numero
972 1269 1192 1385 legationum
1211 1288 1289 1356 exi-

361 1435 433 1478 mo.
446 1413 597 1506 Legatus
610 1430 728 1479 autem
741 1429 826 1478 tunc
839 1412 945 1478 ctiam
961 1408 1005 1476 ad
1017 1427 1135 1502 patres
1146 1426 1288 1476 vestros

360 1531 544 1621 profectus
561 1552 638 1596 sum
655 1528 887 1597 concordium
909 1528 1003 1596 inter
1021 1526 1129 1599 urbes
1160 1530 1286 1595 conci·

359 1647 529 1728 liaturus,
561 1646 739 1739 vobisque
764 1646 859 1739 apud
882 1648 1055 1714 Romanos
1071 1644 1179 1713 decus
1207 1645 1285 1741 glo-

361 1764 527 1856 riamque
550 1782 833 1857 comparaturus.
854 1766 990 1856 Reapse
1012 1787 1091 1856 quae
1118 1784 1287 1832 romanus

348 1900 506 1969 ,senatus
520 1881 564 1949 ad
576 1884 814 1974 Imperatores
830 1881 972 1950 decreta
987 1904 1051 1973 pro
1064 1880 1166 1950 vobis
1178 1881 1287 1962 misit,

356 2021 399 2066 ca
413 1998 456 2067 ad
470 2019 658 2067 commune
672 1997 774 2067 urbis
786 1998 894 2066 decus
906 1998 1118 2067 redundant.
1132 1997 1238 2087 Quod
1256 1999 1287 2066 ci

355 2118 477 2213 gravis
502 2115 609 2186 vobis
634 2140 707 2184 non
732 2139 845 2185 essem
870 2117 1011 2184 futurus
1035 2117 1288 2186 molestissima

355 2236 569 2304 recitatione
594 2234 741 2308 laudum
767 2258 948 2319 mearum,
973 2237 1132 2331 legerem
1157 2236 1285 2328 utique

353 2352 461 2423 vobis
486 2354 584 2436 illius
615 2372 759 2421 senatus
776 2352 1074 2436 adclamationes,
1093 2351 1286 2444 exquibus

354 2489 390 2539 et
422 2471 521 2539 hunc
553 2471 711 2538 fructum
742 2470 1007 2562 perciperetis,
1043 2471 1285 2566 cognoscendi

356 2588 508 2671 scilicet,
549 2599 775 2680 quantopere
827 2589 1008 2655 excellant
1056 2591 1205 2658 Romani
1243 2590 1284 2660 in

356 2704 565 2774 extollendo
588 2707 874 2800 honorandoquc
898 2706 1080 2777 virtutem.

403 2824 513 2891 XXX.
536 2825 588 2892 Nc
615 2825 725 2920 igitur
750 2825 930 2893 mordicus
952 2826 1067 2896 verbo
1091 2826 1283 2896 inhaereas:

354 2962 446 3010 neve
472 2941 558 3033 quia
583 2943 682 3010 Pluto
712 2943 750 3010 in
788 2942 986 3035 Republica
1011 2968 1072 3013 eos
1098 2947 1159 3036 qui
1185 2967 1205 3011 a
1229 2943 1285 3013 ‹li-

354 3059 440 3125 vina
476 3060 780 3152 contemplatione
819 3059 864 3128 ad
901 3059 1057 3130 hnmana
1098 3063 1285 3133 DESCEN·

355 3174 480 3242 DUNT
505 3174 573 3243 hac
596 3177 725 3245 vocula
749 3177 910 3259 vellicat,
936 3179 1073 3247 idcirco
1097 3199 1202 3272 putes
1218 3181 1286 3250 hu·

356 3296 441 3362 urile
477 3318 555 3363 esse
595 3296 858 3390 rempublicam
894 3297 1153 3370 administrare.
1190 3300 1286 3390 Quin

383 3559 417 3619 (3)
435 3556 553 3612 Lrurlum,
578 3560 692 3620 quibus·
718 3559 826 3604 llomrnit
852 3561 979 3608 cumulatur
1003 3571 1060 3619 ert,
1088 3566 1194 3610 meminit
1213 3538 1278 3611 'las'-

351 3640 442 3681 mirtiur
460 3642 527 3682 otiam
546 3643 570 3682 iu
588 3639 697 3683 ominus
714 3648 781 3684 ml.
799 3656 824 3700 p.
843 3644 898 3700 354.
916 3644 942 3687 G.

382 3718 416 3779 (4)
435 3720 492 3761 Vide
508 3719 623 3762 l’lrtuusm
642 3718 734 3781 deRep.
745 3729 792 3768 vn.
811 3724 882 3781 (edit.
892 3721 968 3768 Ficini
984 3741 1008 3784 p.
1025 3723 1082 3783 694.
1099 3731 1123 3768 at
1140 3725 1221 3786 seqq.)
1235 3708 1279 3770 ubi

350 3808 409 3856 rape
428 3798 456 3840 de
473 3799 552 3845 dirius
566 3800 655 3845 thuorin
663 3812 687 3848 rt
696 3801 801 3850 humanit
810 3806 909 3867 nogotii·
919 3811 941 3851 st
952 3805 1148 3868 philosophorum
1157 3809 1275 3855 draccum.
