3284 5054
554 555 765 615 CLEONYMI
1047 560 1084 617 35

200 685 476 774 vehementius
495 687 738 774 confirmare
754 691 921 788 tabulas,
941 719 1039 804 quos
1051 691 1130 776 irs·

199 847 262 910 tus
291 828 388 911 olim
417 829 662 912 confecisset.
745 842 748 847 ’

255 966 305 1047 Χ
318 967 439 1081 Atqui
459 968 491 1050 si
509 967 553 1050 id
572 996 646 1050 nos
662 968 877 1068 fateamur,
889 963 1040 1080 vosque
1051 967 1129 1081 ipsi

200 1105 385 1202 credatis,
412 1110 595 1219 reputate
615 1136 753 1219 quaeso
773 1135 865 1190 cum
890 1105 1034 1191 animis
1066 1134 1130 1189 ve·

201 1241 312 1341 stris,
335 1246 602 1359 Cleonymum
615 1247 666 1328 ob
680 1245 930 1328 Adversariis
944 1245 1130 1328 maximae

201 1381 370 1467 insaniae
385 1383 623 1466 insimulari.
637 1380 743 1463 Num
760 1360 851 1493 qum
869 1383 999 1464 maior
1018 1411 1132 1466 vestus

201 1521 269 1603 nia
290 1550 376 1603 esse
396 1540 551 1631 potest,
577 1548 697 1633 quam
725 1521 1012 1631 Cleonymum,
1039 1549 1132 1604 cum

204 1656 432 1740 inimicitias
448 1657 610 1740 fovebat
629 1659 823 1741 adversus
838 1656 1019 1755 Diuitem,
1035 1659 1134 1743 etin

208 1823 283 1875 nos
302 1795 499 1877 hostiliter
515 1792 656 1910 egisse,
668 1818 708 1878 et
718 1796 912 1879 eiusmodi
925 1819 1134 1881 testamen·

206 1951 291 2013 tum
313 1931 474 2031 fecisse,
496 1962 576 2046 quo
598 1962 680 2017 non
701 1933 815 2017 illum
834 1935 1042 2048 puniebat,
1064 1937 1136 2018 sed

94 2147 102 2157 ,
200 2069 1135 2184 sanguineconiunctissimosiniuriisadficiebat:

202 2210 418 2317 novissime
430 2239 541 2309 vero,
554 2210 645 2292 licet
658 2211 691 2293 is
704 2233 744 2293 et
756 2212 1043 2296 consuetudine
1063 2241 1137 2295 no.-

204 2370 284 2431 stru
296 2370 487 2445 uteretur,
498 2378 651 2462 nosque
661 2350 846 2432 omnibus
864 2371 1135 2463 praeponeret,

210 2489 315 2570 solos
326 2489 491 2602 inquom
502 2507 599 2571 etex
614 2487 738 2570 fratre
748 2490 927 2602 Nepotes
945 2488 1136 2584 voluisse,
1156 2565 1160 2574 .

211 2646 254 2704 ut
265 2624 330 2708 isti
343 2627 467 2723 aiunt,
480 2624 742 2709 exheredare?
753 2625 867 2730 Quis,
882 2652 1001 2737 rogo,
1024 2651 1049 2704 o
1069 2623 1139 2707 Vi·

209 2760 268 2864 ri,
289 2765 433 2846 mentis
453 2792 617 2878 compos
636 2767 686 2847 de
707 2762 1040 2849 coniunctissimis
1058 2762 1145 2844 suis

205 2897 1141 3016 itudecerneret?QuapropterAdvetsuriihisce

206 3039 458 3124 sermonibus
468 3039 689 3125 faciliorem
711 3042 835 3126 immo
855 3069 985 3124 causae
1007 3039 1143 3153 cogni·

207 3176 358 3260 tionem
388 3176 503 3261 vobis
530 3176 757 3262 effecerunt.
783 3182 889 3263 Nam
915 3180 999 3260 sive
1030 3179 1145 3259 Cleo·

210 3343 357 3427 nymus
373 3346 421 3399 eo
440 3315 604 3399 nomine
625 3317 902 3430 magistratum
916 3313 1141 3412 arcessivit,

209 3456 338 3566 quod,
355 3476 399 3536 ut
409 3483 482 3537 nos
496 3453 717 3568 inquimus,
741 3456 1045 3538 deleretabulas
1069 3454 1145 3536 vel·

209 3590 277 3688 let,
288 3592 513 3676 Adversarii
526 3593 688 3708 quidem
701 3593 800 3677 nihil
811 3593 983 3706 amplius
993 3594 1145 3680 habent

217 3732 325 3840 quod
345 3730 500 3815 dicunt:
527 3732 611 3816 sive
632 3734 687 3816 ita
720 3762 859 3817 vecors
888 3731 982 3830 fuit,
1008 3752 1052 3814 ut
1072 3757 1166 3851 nos·
