3284 5054
545 678 597 761 ·P·
653 668 1109 759 TERENTII

715 882 854 952 VITA
902 887 939 937 (¹)

407 1223 636 1354 Trunrtrrus
665 1284 778 1362 Afer,
808 1299 941 1375 genere
970 1273 1289 1372 carthaginensis,

359 1431 449 1500 puer
475 1422 599 1496 captus
634 1421 672 1470 et
701 1425 721 1468 a
752 1400 906 1491 quodam
942 1401 1111 1466 Terentio
1146 1399 1289 1494 Lucano

346 1543 529 1616 emptus,
555 1524 686 1589 litteris
710 1519 835 1614 graecis
862 1518 1055 1608 latinisque
1073 1519 1286 1597 instructus,

358 1668 439 1713 cum
462 1620 636 1710 librarius
662 1656 772 1720 esset,
798 1662 879 1705 mox
897 1655 1045 1730 propter
1070 1636 1289 1729 elegantiam

361 1764 562 1834 studiorum
587 1772 799 1856 morumque
820 1765 858 1832 in
881 1760 1077 1830 amicitiam
1094 1761 1289 1853 perductus

300 1890 306 1901 '
360 1905 416 1954 est
441 1886 619 1976 Scipionis
644 1903 681 1954 et
704 1886 802 1954 Latii
829 1883 1001 1977 sapientis
1019 1903 1055 1952 et
1072 1883 1202 1976 Rupilii
1231 1885 1292 1967 (θ,

359 2029 513 2098 quorum
539 2007 679 2075 fabulas
704 2009 743 2074 in
775 2031 881 2075 scena
913 2005 998 2073 dare
1022 2005 1162 2074 inimici
1187 2005 1290 2085 diffa-

362 2127 522 2194 mabant:
548 2128 702 2196 maxime
715 2130 913 2197 Turtullius
930 2128 1116 2208 Lavinius,
1133 2129 1195 2218 qui
1212 2127 1290 2195 eius

359 2248 506 2314 emulus
542 2267 650 2328 erat,
688 2248 781 2315 hanc
817 2247 1026 2340 opinionem
1066 2244 1288 2339 divulgabat.

359 2362 427 2432 Sed
466 2387 547 2430 cum
582 2367 862 2435 criminarentur
897 2367 1043 2457 quidam
1079 2365 1287 2432 Terentium

358 2506 431 2549 non
455 2506 542 2549 vere
568 2485 771 2553 Graecorum
797 2508 913 2552 mores
939 2485 1169 2575 exprimere,
1207 2483 1287 2572 ple·

358 2623 470 2691 raque
494 2602 532 2667 in
556 2604 667 2670 latina
692 2603 769 2670 fore
803 2601 1092 2681 consuetudioe3
1117 2618 1157 2668 ut
1180 2601 1284 2667 insti·

359 2735 434 2786 tnta
460 2743 650 2813 moresque
675 2723 879 2791 Graecorum
907 2739 1158 2813 cognosceret,
1177 2717 1286 2786 Athe·

355 2857 420 2902 nas
437 2838 618 2928 profectus
635 2859 697 2908 est.
716 2840 770 2908 lbi
788 2840 1012 2932 aliquamdiu
1030 2853 1285 2918 commoratus,

356 2952 593 3024 Menandrum
617 2960 655 3026 in
671 2961 821 3028 latinum
839 2983 1043 3029 sermonem
1062 2956 1285 3026 transtulisse

392 3155 435 3220 (1)
467 3152 532 3207 llaec
563 3155 693 3209 Terentii
724 3156 811 3219 Vita.
844 3160 971 3213 nondum
1004 3170 1035 3210 ut
1060 3168 1129 3223 puto
1150 3155 1287 3222 vulgata,

353 3256 434 3296 extat
456 3245 484 3298 in
506 3246 705 3299 Ambrosianis
727 3250 878 3304 codicibus
900 3251 933 3303 D.
954 3266 1000 3324 79.
1021 3263 1049 3302 et
1069 3248 1102 3300 Ο.
1127 3262 1188 3322 109.
1210 3259 1285 3316 part.

354 3354 418 3406 sup.
440 3336 469 3390 in
490 3339 597 3409 quibus
618 3352 648 3391 et
666 3339 776 3393 dicitur
805 3355 940 3409 excerpts
969 3360 984 3391 e
1013 3340 1206 3393 vetustissimo
1236 3357 1286 3394 co·

353 3428 428 3484 dice.
448 3428 531 3483 Extat
551 3431 618 3483 item
640 3431 668 3484 in
690 3430 790 3484 codice
810 3429 840 3484 F.
862 3447 909 3503 oa.
930 3444 1006 3499 part.
1027 3448 1089 3494 sup.
1109 3432 1158 3485 ubi
1180 3429 1286 3485 iuscri-

352 3521 432 3575 bitur
464 3525 638 3580 Prodoerrium
672 3543 785 3589 oerum,
815 3538 847 3579 ut
879 3524 1015 3578 nimirum
1046 3523 1238 3596 distinguatur
1265 3542 1284 3578 ι

354 3611 484 3668 Terentii
516 3614 583 3670 Vita
615 3618 710 3671 studio
740 3617 901 3671 Petrsrchae
921 3616 1071 3687 descripta
1104 3618 1159 3684 (et
1182 3616 1284 3684 edita)

353 3721 417 3774 qun
438 3703 467 3755 in
487 3703 586 3756 eodem
610 3724 665 3758 ms.
686 3708 816 3773 proxime
837 3703 1024 3774 preponitur.

390 3799 433 3863 (a)
453 3792 580 3849 Donatus
599 3813 654 3866 pro
674 3798 781 3875 Rupilio
802 3797 888 3852 habet
907 3795 1054 3875 Popilium.
