3284 5054
412 560 444 599 tn
733 542 921 608 uutrottts

368 669 403 726 in
433 672 641 748 prefectnrs,
671 671 747 734 licet
777 679 885 742 brevi,
918 674 1141 758 gratissimum
1164 681 1292 743 civitati

328 811 331 815 ,
368 764 474 822 fnisse.
489 765 622 827 Interim
644 788 719 828 vero
740 791 773 830 se
794 775 869 831 item
891 793 909 829 a
931 776 1111 852 suspicione
1132 779 1182 835 sui
1210 796 1295 835 com·

368 861 455 916 modi
489 877 651 929 removet,
673 879 770 941 atque
791 870 829 925 ad
852 868 976 926 lucrum
999 868 1111 928 oculos
1133 873 1293 949 cupidita·

368 955 407 1010 tis
423 957 574 1015 adiecisse
597 958 714 1016 diserte
735 975 835 1041 negat.
858 963 1003 1039 Denique
1017 962 1111 1041 plane
1133 968 1290 1036 ostendit,

368 1052 614 1125 reprehensioni
636 1052 668 1108 in
689 1053 785 1110 rebus
806 1056 870 1112 suia
893 1059 988 1132 gestia
1012 1054 1092 1112 nihil
1114 1076 1181 1115 esse
1203 1057 1293 1126 loci,

369 1145 451 1219 quod
474 1146 575 1201 omnia
600 1142 670 1202 laus
692 1149 873 1225 occupavit.

206 1250 284 1310 teas-y
305 1245 357 1283 ⁸¹1⁸*
407 1235 449 1293 Vl
478 1238 642 1296 Sedenim
667 1259 777 1320 magna
800 1262 872 1321 pars
895 1242 1123 1302 Themistianre
1137 1247 1293 1304 orationis

170 1296 357 1386 llffi'i‘i'i'ilss
371 1331 402 1389 in
424 1335 615 1392 adornandis
636 1331 809 1394 Theodosii
834 1339 937 1412 magni
958 1339 1127 1417 praeconiis
1149 1336 1292 1416 plurimo

169 1401 441 1489 iiiii.'''¹'²⁵”'cnn
462 1431 586 1488 honore
606 1431 812 1488 consumitur.
840 1433 958 1492 Revera
981 1432 1151 1490 Theodosii
1187 1436 1293 1491 virtu-

368 1524 455 1583 tibus
477 1546 548 1603 ques
571 1538 674 1602 potest
696 1545 753 1603 pat·
775 1523 914 1585 laudatio
940 1525 1099 1585 inveniril
1128 1525 1187 1584 Hic
1208 1528 1294 1583 enim

369 1636 414 1679 est
436 1624 473 1680 ad
497 1643 591 1700 quem
605 1621 681 1680 olim
703 1622 896 1700 perturbatae
913 1617 1105 1697 reipublicae
1134 1620 1295 1699 guberna·

369 1715 440 1775 culs
462 1717 549 1776 Deus
581 1712 717 1785 detulit,
749 1736 787 1775 ne
819 1718 926 1774 omnis
956 1713 1169 1774 barbarorum
1196 1715 1292 1773 armis
1361 1709 1363 1714 ’

367 1813 488 1871 infinita
532 1813 748 1871 internecione
793 1814 1006 1870 conciderent.
1066 1810 1171 1885 Quum
1207 1811 1291 1867 enim

368 1913 507 1967 extincto
546 1905 768 1964 Valentiniano
798 1910 946 1971 seniore,
973 1900 1107 1959 Valente
1143 1903 1237 1960 etiam
1273 1921 1293 1958 a

367 2002 479 2060 Gothis
517 2019 629 2060 enatato
667 2018 749 2057 nnus
785 1998 953 2055 Gratianus
993 1991 1178 2051 adolescens
1213 2012 1288 2050 cum

366 2095 477 2153 Fratre
514 2096 638 2154 octenni
671 2096 793 2153 romani
818 2093 946 2171 imperii
980 2091 1120 2148 habenas
1158 2086 1293 2146 tremule

367 2211 461 2250 mann
484 2192 536 2249 vix
565 2201 706 2260 teneret,
736 2191 761 2246 is
786 2191 848 2246 hoc
875 2199 1005 2263 repente
1027 2184 1179 2241 divinitus
1200 2180 1287 2255 cepit

366 2284 613 2363 consilinm(t)‚
645 2298 682 2341 nt
713 2283 894 2343 Theodosio
915 2283 948 2338 in
970 2279 1049 2354 regii
1079 2277 1197 2355 fastigii
1220 2291 1291 2350 par-

366 2391 431 2436 tem
454 2394 564 2438 vocato
597 2380 779 2438 nutantium
809 2397 918 2436 rernm
953 2374 1065 2430 molem
1098 2373 1290 2447 imponeret.

368 2472 437 2548 Quo
457 2475 558 2540 facto,
581 2476 638 2533 etsi
664 2473 853 2532 ferocissimi
881 2467 997 2550 populi
1019 2482 1155 2522 romanae
1177 2461 1292 2521 ditioni

366 2585 425 2644 spe
445 2582 542 2647 atque
570 2567 918 2634 animuincubarent,
946 2560 1130 2637 multasque
1164 2558 1292 2636 imperii

366 2663 550 2737 provincias
571 2666 609 2720 ud
634 2664 766 2720 exitium
787 2664 1028 2735 vastitatemque
1047 2668 1216 2722 vocarent,
1239 2654 1292 2713 fax

367 2752 475 2810 subito
495 2752 573 2811 belli
595 2754 776 2813 incredibili
801 2752 973 2811 Theodosii
1001 2751 1120 2808 virtute
1150 2750 1291 2808 extincta

365 2844 430 2911 est,
445 2862 543 2925 atque
564 2849 667 2906 omnis
680 2846 770 2905 illico
780 2848 932 2925 strepitus
947 2846 1139 2921 conquievit.
1153 2843 1291 2907 Bellicus

366 2939 648 2999 tamenTheodosii
659 2939 768 3000 laudes
778 2938 1072 3016 parceThemiatius
1083 2939 1122 2995 de
1134 2956 1221 2996 more
1233 2957 1291 2996 sun

365 3036 561 3115 attingendae
587 3040 712 3113 putavit
725 3033 781 3111 (a).
804 3032 1122 3110 ltaquehocScripto
1144 3032 1291 3110 pacificas

364 3129 557 3212 plerumque
579 3134 719 3191 eiusdem
755 3134 872 3201 dotes,
905 3131 1106 3189 clementiam
1146 3148 1290 3188 mansue-

365 3231 508 3286 tudinem
530 3228 817 3309 liberalitatemque
832 3231 1065 3288 commemorat.
1087 3227 1148 3285 Res
1171 3228 1290 3304 quippe

365 3339 460 3399 gestas
480 3345 543 3384 suae
566 3324 780 3383 Theodosium
804 3345 976 3405 numquam
999 3321 1200 3389 extulerunt,
1228 3338 1286 3376 nec

364 3415 413 3474 illi
444 3422 628 3494 tumidiores
659 3421 790 3496 spiritns
821 3421 1032 3478 indiderunts
1066 3419 1144 3473 adeo
1173 3415 1289 3489 utqui

326 3566 334 3582 ,
367 3512 519 3589 dignitate
533 3528 565 3570 et
577 3512 679 3590 gloria
695 3516 820 3571 cunctis
834 3511 963 3592 regibus
985 3506 1179 3575 excellebat,
1202 3525 1289 3564 man·

366 3606 535 3662 suetudine
570 3624 627 3682 pat·
659 3606 775 3662 inlimia
809 3624 878 3663 esse
908 3606 1076 3661 videretur.
1107 3600 1144 3658 ln
1165 3601 1289 3659 diutina

399 3791 433 3853 (t)
450 3793 559 3837 Themist.
569 3793 608 3836 or.
617 3801 668 3835 xvi.
678 3807 700 3850 p.
712 3807 767 3849 aoy.
776 3792 802 3836 B.

398 3876 432 3938 (a)
450 3873 535 3919 Canini·
550 3873 589 3917 Or.
600 3879 652 3916 xvi.
661 3887 684 3933 p.
695 3872 751 3918 ποῦ.
760 3872 785 3915 C.
