3284 5054
709 529 929 602 snscssm'
1193 544 1234 624 67

352 677 486 772 parcit,
510 675 541 743 ia
566 672 713 767 quidem
729 676 886 755 omnium
903 673 1088 743 hominum
1104 699 1143 744 ae
1159 700 1281 775 regem

351 820 430 864 ease
454 795 565 863 novin
590 797 707 885 Atque
730 791 792 859 hic
816 795 895 862 iure
912 793 1156 886 appellabitur
1178 819 1281 866 vere·

353 938 424 1007 que
448 909 737 1006 philanthropos.
757 911 826 978 alii
840 933 929 978 vero
947 909 1134 993 dicentur,
1151 914 1282 1002 Cyrno,

352 1030 510 1122 exempli
533 1030 671 1125 gratia,
696 1027 928 1120 philoperta5
955 1027 1019 1096 aed
1041 1051 1114 1096 non
1136 1028 1283 1122 philan-

352 1148 522 1239 thropos:
550 1144 755 1213 Alexander
779 1144 1051 1236 philomacedo‚
1087 1168 1159 1213 non
1194 1169 1281 1215 vero

350 1261 1281 1359 philanthropusztlgetilausphilograecus‚lluguamo

335 1383 647 1476 ‘philoromanuar
672 1379 763 1446 alius
788 1378 947 1473 denique
972 1381 1062 1448 aliua
1086 1384 1205 1476 gentis
1224 1400 1285 1451 out

352 1500 510 1567 nationis
535 1512 673 1564 amator
695 1494 860 1579 dicetur,
884 1499 923 1564 in
949 1521 1058 1590 quam
1083 1516 1120 1565 et
1142 1500 1285 1593 regium

242 1687 245 1691 ,
354 1619 576 1686 dominatum
600 1617 775 1685 exercuit.
792 1615 861 1684 Sed
878 1618 975 1684 enim
990 1617 1123 1686 diserte
1140 1618 1285 1710 philan-

352 1735 523 1828 thropon,
548 1751 586 1801 et
609 1733 745 1802 diserte
768 1758 834 1803 rex
857 1735 920 1802 ille
937 1754 991 1803 eat
1007 1735 1071 1826 qui
1087 1735 1157 1803 hoe
1176 1760 1286 1805 uuum

355 1856 499 1947 querit,
525 1878 609 1922 num
633 1853 681 1921 ait
704 1852 812 1921 homo
837 1853 899 1945 qui
921 1854 1111 1923 clementia
1127 1854 1285 1950 indiget:

353 1997 427 2041 non
450 1996 537 2040 vero
565 1991 683 2040 utrum
713 1971 861 2062 Scythes
887 1991 949 2041 aut
973 1973 1172 2068 Massageta
1209 1976 1284 2056 rit,

354 2111 416 2159 aut
450 2090 520 2158 hoc
546 2092 603 2160 vel
639 2090 729 2158 illud
754 2093 970 2184 peccaverit.
1012 2091 1053 2158 ld
1091 2099 1188 2160 enim
1214 2095 1284 2165 etti

354 2200 488 2279 iustum
523 2209 695 2293 videtur,
732 2234 806 2279 non
830 2229 1027 2279 esttamen
1051 2210 1192 2280 celeste
1216 2235 1282 2279 ne-

355 2358 425 2425 que
449 2333 596 2429 dignum
620 2356 663 2402 ea
688 2332 879 2401 nobilitate
904 2354 975 2424 qna
995 2336 1126 2400 utimur
1150 2332 1282 2400 divina

355 2452 627 2543 appellationis:
643 2452 733 2542 quin
753 2470 807 2519 eat
823 2452 974 2517 maxime
991 2451 1177 2541 proprium
1203 2469 1281 2517 ter·
1328 2495 1334 2505 ·

354 2570 584 2662 rigenarum‚
610 2567 742 2659 quibua
759 2585 796 2634 et
811 2589 890 2634 este
906 2566 1044 2635 hostem
1068 2567 1223 2658 aliquem
1245 2588 1281 2637 et
1376 2628 1380 2637 .

354 2686 556 2769 infensum,
580 2707 656 2755 non
679 2702 733 2752 eat
746 2687 836 2754 vitio
862 2684 1094 2753 vertendum:
1117 2687 1279 2778 itemque

354 2804 484 2872 ledere
524 2823 561 2873 et
597 2804 754 2888 ulcisci,
799 2823 836 2872 et
882 2804 958 2896 pati
1006 2822 1043 2872 et
1079 2806 1282 2899 rependere

354 2943 504 3015 propter
528 2925 768 3022 equalitatem
792 2923 1011 2991 conditionis
1036 2944 1072 2992 et
1088 2915 1232 2995 virium.

402 3043 525 3112 XXVI.
550 3043 762 3134 Imperatori
788 3062 929 3119 autem,
956 3045 1058 3109 cuius
1094 3061 1149 3110 est
1186 3061 1285 3110 tanta

355 3161 451 3228 'inter
477 3162 566 3228 alios
591 3160 755 3228 homines
781 3156 1023 3242 excellentia,
1050 3178 1183 3228 utnon
1212 3163 1282 3228 im·

356 3279 487 3347 merito
523 3279 656 3348 divinis
693 3278 897 3346 nominibus
926 3279 1130 3347 afficiendus
1161 3278 1283 3347 vitlea·

358 3418 439 3481 tur,
479 3421 598 3491 neque
623 3421 837 3491 quemquam
869 3399 1054 3466 hominnm
1097 3423 1174 3468 esse
1213 3399 1283 3465 ini·

357 3519 490 3588 micum
513 3519 566 3585 faa
590 3536 645 3584 est
667 3541 786 3611 neque
810 3518 955 3587 iratum:
972 3541 1159 3588 nonsecua
1175 3540 1284 3611 quam

358 3693 557 3706 —m—
567 3699 1277 3711 *mu-...nuv—

392 3783 427 3845 (3)
446 3785 479 3827 Ex
494 3785 591 3831 Homero
607 3784 679 3834 Iliad.
698 3795 717 3829 e.
734 3794 790 3848 W-
