3284 5054
683 312 700 339 O

712 522 922 586 SUSCEPTA
1199 530 1237 588 53

355 667 491 734 victum
515 662 777 756 suppeditavit,
796 666 857 733 alii
882 665 974 733 filias
993 665 1153 752 dotavit,
1175 670 1287 740 alium

355 808 424 850 oere
438 785 570 863 alieno,
584 808 656 875 quo
669 784 912 875 premebatur,
926 788 1121 880 expedivit.
1136 791 1177 856 Et
1190 789 1286 882 apud

355 905 478 973 Persas
505 904 649 997 quidem
666 908 827 1000 aliosque
849 927 991 976 veteres
1008 912 1190 1000 praemium
1207 923 1287 978 erat

354 1028 603 1117 propositum,
627 1028 740 1117 siquis
757 1051 885 1094 nova—m
902 1028 1121 1122 voluptatem
1139 1029 1285 1123 excogi-

355 1161 481 1211 tasset:
495 1166 588 1211 nunc
604 1146 703 1238 regia
717 1145 811 1213 dona
826 1145 1007 1214 dabuntur
1020 1148 1070 1231 ei,
1081 1151 1143 1239 qui
1157 1171 1288 1215 novam

355 1260 609 1330 benefaciendi
634 1264 860 1331 occasionem
879 1264 1061 1335 obtulerit.
1078 1266 1171 1353 Quid
1189 1268 1288 1333 enim

353 1386 466 1477 magis
495 1405 626 1449 novum
650 1405 754 1472 quam
783 1406 825 1449 ex
841 1381 927 1450 fisco
946 1407 1070 1451 aurum
1089 1384 1208 1450 redire
1224 1387 1286 1450 ed·

356 1500 436 1568 dem
461 1501 555 1566 unde
582 1519 731 1568 venerat
748 1501 881 1569 iniuste
915 1501 1093 1570 exactum?
1113 1502 1150 1568 ld
1176 1503 1286 1597 longo

354 1618 488 1686 abhinc
515 1637 677 1709 tempore
702 1598 902 1687 inauditum
927 1640 1011 1688 erat.
1037 1620 1103 1689 Sed
1121 1622 1214 1689 enim
1229 1618 1287 1687 in·

353 1737 448 1805 iuria
473 1738 552 1804 iure
571 1737 775 1827 meritoque
791 1738 992 1807 revocanda
1008 1759 1061 1807 est
1078 1739 1123 1806 ab
1135 1741 1287 1832 'oppres-

354 1855 1285 1949 sis3estorlgeverodonareiisquireiusumtantum·

354 1974 462 2041 modo
480 1991 644 2066 poscunt,
658 1975 842 2066 multoque
857 1975 1009 2067 amplius
1025 1976 1159 2043 donare
1177 1999 1286 2069 quarn

352 2093 406 2158 illi
424 2111 584 2160 mutuum
601 2094 765 2184 accipere
778 2094 1068 2185 postulaverant,
1093 2112 1129 2162 et
1157 2094 1285 2186 practe-

349 2234 414 2278 rea
428 2230 643 2304 prevertere
655 2211 762 2278 etiam
776 2230 957 2303 preces,ut
971 2231 1206 2302 spontaneum
1220 2212 1285 2279 do-

307 2340 311 2353 ’
352 2355 438 2398 num
455 2331 640 2410 videatur3
659 2354 781 2421 quem,
800 2333 956 2423 inquam,
974 2329 1195 2399 Alcibiadem
1207 2329 1286 2397 haee

353 2472 424 2516 non
443 2446 633 2541 superant?
654 2472 759 2538 quem
776 2451 961 2517 Cimonem
974 2472 1044 2515 non
1059 2445 1279 2516 extenuant?

397 2565 522 2631 XVlll.
549 2566 679 2630 Verum
705 2587 773 2659 ego
808 2563 873 2631 hos
907 2564 1033 2631 videns
1075 2565 1283 2635 adolescen-

351 2681 471 2762 tulos,
514 2681 675 2774 quamvis
717 2686 940 2774 propositum
977 2685 1151 2752 orationis
1194 2706 1283 2753 mem

349 2820 424 2865 non
460 2802 554 2867 sinat
588 2798 645 2867 me
686 2801 837 2896 singulis
878 2804 1059 2869 immorari
1089 2853 1099 2884 ‚
1135 2803 1285 2875 silentio

351 2917 538 3005 preterire
561 2939 635 2984 non
660 2941 816 3008 possum.
856 2920 961 2988 Pueri
1006 2918 1086 2987 orbi
1123 2939 1159 2989 et
1197 2919 1282 2987 lilite

351 3031 476 3099 domus
514 3033 699 3118 illustris,
735 3038 861 3128 patriis
908 3038 1045 3106 laribus
1098 3039 1281 3106 immerito

351 3150 525 3233 amissis,
568 3153 728 3220 omnium
777 3173 943 3247 expertes
990 3155 1203 3237 bonorum,
1245 3174 1284 3225 et

352 3269 492 3340 alienis
521 3270 640 3337 ianuis
679 3271 860 3341 inhiantes
901 3290 954 3341 tot
992 3297 1104 3341 annos
1149 3297 1281 3369 exege-

351 3406 458 3470 runt,
497 3405 538 3455 ut
573 3389 610 3455 in
645 3389 909 3457 calamitatibus
937 3387 982 3456 ad
1010 3390 1152 3458 virilem
1179 3413 1281 3483 pane

354 3521 492 3571 etatem
539 3504 764 3574 devenerint.
814 3510 1019 3598 Apparenre
1061 3526 1178 3576 autem
1227 3509 1278 3576 eis

383 3698 418 3761 (4)
435 3704 491 3746 coa.
510 3689 625 3750 alueos.
644 3707 769 3753 arastus·
793 3709 952 3778 rasennam
977 3715 1088 3753 mom
1113 3712 1183 3755 suam
1203 3708 1282 3781 uepog

350 3785 375 3825 in
400 3786 449 3828 elus
469 3786 520 3832 vua
535 3804 593 3848 capp
613 3798 666 3834 r-et
680 3789 818 3835 &Cimonis
835 3792 891 3835 iton
906 3791 933 3834 in
949 3791 998 3835 eim
1017 3787 1070 3838 rita
1084 3802 1176 3855 capp,
1222 3781 1225 3792 ¹

382 3877 417 3943 (5)
434 3880 491 3929 (lod.
510 3867 669 3946 σμικρίνην.
