3284 5054
395 454 453 532 ⁴so
740 463 928 534 ausurus

371 609 422 657 Aet.
464 606 503 652 Se.
544 620 567 649 v.

650 740 688 785 se
713 717 856 798 lenem,
890 716 1012 784 diosus
1054 714 1140 807 quia
1180 716 1301 786 nullus

648 836 699 903 ita
723 834 817 901 bene
842 834 933 901 vivit
957 852 997 901 ut
1033 857 1106 902 non
1138 832 1300 931 indigeat

655 952 802 1019 alterius
828 950 1084 1020 admonitione.

384 1071 426 1142 V.
448 1069 482 1140 6.
533 1091 562 1137 1.
585 1071 675 1137 Geta
700 1091 824 1135 servus
849 1067 1032 1136 dominam
1064 1091 1166 1137 suam
1207 1048 1301 1138 allo·

650 1187 772 1280 quitur
796 1188 1002 1255 Sostratam.

604 1307 664 1373 AD
689 1306 786 1373 HOS.
812 1303 864 1372 Ad
890 1305 1084 1375 Micionem
1113 1324 1149 1374 et
1173 1306 1277 1374 alios.

605 1424 733 1513 QVAM
760 1425 874 1493 Mox.
909 1424 1024 1512 Quam
1064 1428 1136 1494 cito
1178 1425 1301 1496 diceus

652 1567 690 1611 se
715 1545 849 1610 iturum
873 1560 913 1610 ut
929 1542 966 1607 (¹)
986 1544 1142 1636 puellam
1167 1563 1303 1614 evocet.

454 1684 486 1754 9.
517 1661 567 1729 18.
591 1662 716 1732 SERlO
732 1683 797 1753 pro
812 1678 910 1727 certo
922 1663 1100 1756 accipitur
1113 1662 1304 1732 adverbia·

654 1779 749 1847 liter.
786 1776 957 1844 Similiter
992 1780 1137 1870 quando
1172 1784 1305 1849 serium

653 1914 708 1965 est
723 1919 877 1976 nomen,
900 1917 1028 1964 verum
1047 1917 1082 1965 et
1100 1915 1238 1966 certum
1255 1900 1305 1966 si·

651 2014 799 2111 gnificat
816 2014 974 2096 dictum,
992 2016 1096 2108 quasi
1115 2017 1192 2083 sine
1217 2017 1304 2084 risu.

515 2133 759 2224 19·EMITT1.
806 2133 1012 2201 Manumitti
1055 2150 1091 2200 et
1130 2157 1194 2225 per
1234 2131 1304 2201 hoc

650 2252 802 2320 liberam
825 2249 916 2319 fieri.
942 2254 984 2320 Et
1020 2253 1060 2320 id
1094 2270 1148 2320 est
1172 2276 1305 2321 nomen

653 2370 744 2440 viris
783 2368 927 2464 quando
963 2371 1087 2442 servili
1120 2370 1302 2441 conditio·

656 2512 702 2556 ne
726 2488 836 2558 liberi
862 2486 963 2558 fiunt.

628 2609 841 2677 Cannrorrvs
863 2629 1052 2677 anoausvr.

420 2767 463 2836 (1)
484 2762 553 2817 eod.
570 2780 626 2835 pro
645 2764 783 2821 sehabet
801 2763 877 2840 quia.

746 3059 971 3129 HECYRA

379 3211 431 3256 Aet.
476 3210 515 3257 se.
557 3225 581 3255 v.

400 3301 428 3368 Ι.
471 3322 499 3367 1.
549 3322 576 3370 r.
598 3298 749 3368 Philotis
794 3323 859 3369 seu
900 3298 1100 3368 Philocium
1139 3296 1303 3387 loquitur

654 3441 736 3485 cum
759 3418 845 3509 Syra
871 3419 1026 3511 aliisque
1052 3414 1304 3483 meretricibus

651 3536 697 3603 de
713 3537 927 3627 Pamphilo,
953 3539 1017 3627 qui
1046 3534 1192 3602 dimissa
1216 3535 1305 3602 Bac·

654 3651 760 3720 chide
789 3651 1019 3745 desponsavit
1056 3650 1304 3721 Philumenam

656 3767 767 3838 filiam
790 3768 971 3864 Phidippi.
