3284 5054
522 444 735 547 eusouuut
1017 490 1051 548 ³1

163 625 441 739 magistratum
475 622 701 706 advocaret
731 620 936 706 Nimirum
971 620 1031 706 ita
1055 651 1111 707 se-

46 869 48 873 *
163 765 304 881 gessit,
323 764 417 878 quia
431 792 473 845 se
487 762 529 844 in
551 739 740 846 extremis
757 762 907 845 versari
923 791 1006 847 non
1023 791 1099 877 pu-

163 900 1103 1018 tabat‚sedmultum-vitaespemretinebat:eum

162 1076 255 1129 ecce
275 1046 416 1126 eadem
437 1067 553 1126 nocte
564 1064 732 1155 repente
751 1041 929 1136 unimam
942 1037 1101 1126 efflavit

220 1186 329 1267 VIII.
360 1184 408 1265 In
436 1182 580 1296 primis
610 1181 733 1294 igitur
762 1181 878 1264 vobis
907 1203 1027 1264 testes
1051 1180 1102 1263 si-

164 1342 287 1420 stam,
318 1323 428 1437 quod
458 1298 560 1402 nillil
588 1321 640 1402 de
668 1317 787 1402 uobis
816 1346 1008 1432 querens,
1030 1320 1103 1403 sed

166 1483 336 1575 psopter
366 1487 479 1543 suam
499 1456 742 1540 simultatem
760 1485 853 1540 cum
871 1458 1015 1555 Dinia,
1035 1487 1103 1542 eus

165 1600 322 1682 tabulas
342 1596 503 1708 scripsit
523 1598 780 1710 Cleonymus.
795 1596 955 1681 Deinde
974 1600 1101 1711 quod,

167 1737 294 1821 Dinia
323 1754 502 1832 mortuo,
532 1735 600 1819 ille
628 1759 766 1819 nostra
794 1736 931 1821 omniu
962 1765 1104 1822 murare

171 1876 315 1992 coepit,
338 1903 492 1988 nosque
521 1873 787 1957 instituendos
815 1874 972 1957 curavit
994 1874 1106 1959 domi

28 2058 30 2062 ·
168 2046 251 2102 suae
272 2036 467 2128 receptos.
487 2015 689 2098 Praeterea
709 2016 817 2127 quod
839 2014 1104 2129 Posidippum

166 2159 218 2240 ad
237 2156 398 2240 aedilem
421 2154 626 2267 allegavit:
647 2183 768 2268 quem
788 2153 856 2236 ille
877 2183 959 2238 nou
980 2157 1103 2238 modo

167 2325 250 2380 non
280 2295 458 2391 vocavit,
483 2316 629 2376 verum
659 2292 780 2377 etiam
810 2293 1103 2392 Archonidem‚

170 2437 240 2550 qui
269 2440 321 2520 ad
350 2436 458 2519 fores
487 2452 673 2530 venerat,
699 2432 859 2546 repulit.
879 2435 999 2538 Quod
1028 2435 1106 2548 igi-

60 2635 64 2641 ·
167 2594 233 2656 tur
272 2605 370 2658 vera
409 2574 566 2672 dicam,
602 2592 720 2655 testes
758 2599 868 2656 voca.
899 2573 1102 2655 TESTES.

169 2714 234 2795 Ad
282 2715 371 2798 haec
424 2711 761 2798 Adversariorum
803 2708 947 2808 amici,
999 2706 1106 2793 inter

168 2874 281 2969 quos.
298 2850 600 2964 Cephisander,
630 2871 873 2936 censuerunt
908 2851 1107 2935 heredita·

170 3012 254 3073 tem
283 2988 563 3089 dividendum,
584 2990 823 3107 tertiamque
851 3012 1009 3106 partem
1033 2992 1107 3073 bo-

169 3158 318 3216 norum
333 3131 547 3242 Cleonymi
564 3161 588 3215 a
608 3131 725 3215 nobis
747 3162 832 3215 esse
851 3133 1106 3214 cernendamz

170 3271 283 3355 cuius
301 3270 399 3352 item
418 3267 480 3353 rei
508 3267 609 3351 mihi
635 3288 752 3352 testes
771 3297 880 3352 voca.
904 3268 1108 3355 TESTES.

227 3412 297 3495 IX.
317 3411 405 3525 Age
420 3436 520 3494 vero
531 3407 691 3523 opinor,
704 3436 729 3490 o
741 3408 844 3507 viri,
864 3408 1107 3526 quicumque

174 3550 224 3633 de
238 3548 462 3634 hereditate
480 3573 642 3633 causam
654 3548 818 3650 dicunt,
835 3572 1050 3668 postquam
1063 3580 1107 3636 se

225 3737 271 3824 (a)
296 3748 372 3807 Cod.
397 3742 513 3807 τοῦτον.
