3284 5054
414 501 455 571 ⁵4
668 513 670 517 >
743 495 928 556 ADELPHE

251 621 257 639 ⁴
374 639 426 684 Aet.
446 632 449 637 ’
468 637 507 683 θα.
549 650 574 682 v.

385 753 432 822 11.
472 776 502 822 1.
554 773 582 818 1.
606 750 740 821 Sannio
764 751 832 818 iste
856 750 943 818 leno
969 747 1054 818 dum
1093 748 1302 843 privaretur

650 869 841 937 meretrice
865 891 930 935 rua
955 867 1000 935 ub
1036 866 1201 937 AEschiuo
1227 871 1301 938 clu·
1393 895 1401 915 ¹

652 985 783 1054 mahat.

454 1128 488 1175 α.
511 1170 516 1176 ,Α
542 1129 569 1175 1.
605 1110 711 1198 Syrus
762 1106 885 1172 servus
939 1103 1066 1173 videno
1116 1106 1304 1176 sollicitari

657 1223 858 1293 AEochinum
898 1223 1083 1291 domiuum
1118 1249 1220 1292 suum
1258 1224 1310 1293 de*

654 1342 722 1412 hoc
740 1343 838 1437 quod
851 1345 974 1412 lenoni
992 1344 1141 1423 fecerat,
1160 1345 1210 1411 ait
1234 1342 1301 1410 illi.

372 1464 489 1536 111.3.
540 1487 570 1532 1.
594 1464 726 1532 Demea
751 1460 901 1530 audiens
926 1460 1042 1530 filium
1077 1485 1178 1529 suum
1218 1485 1302 1554 par-

651 1581 796 1672 ticipem
833 1581 971 1664 fuisse,
1011 1582 1051 1648 in
1089 1578 1164 1650 huc
1188 1579 1302 1651 verba

650 1697 866 1790 prorumpit.

415 1801 419 1807 ’
518 1838 569 1887 10.
593 1815 1303 1886 omuuuutumooosuutomnem

650 1956 728 2001 rem
773 1956 881 2025 quum
924 1931 1086 2000 fecerant
1123 1934 1306 2003 AEechiuuo

649 2073 686 2121 et
709 2056 815 2145 Syrus
840 2053 879 2121 in
904 2069 1009 2144 raptu
1033 2053 1194 2121 mulieris
1219 2077 1302 2121 nar·

648 2190 791 2241 ruverat
815 2171 977 2239 Micioni.

333 2352 335 2363 .
455 2310 489 2380 4.
546 2315 573 2360 ι.
599 2293 689 2362 Geta
727 2293 878 2365 venient
914 2311 950 2364 (ι)
990 2315 1071 2360 cum
1109 2292 1303 2386 Hegioue‚

651 2436 758 2505 quem
783 2410 1002 2494 adducebat,
1032 2408 1300 2477 sermocinaba-

650 2550 709 2600 tur
733 2531 777 2599 de
805 2530 874 2598 hoo
898 2531 1005 2599 facto.

371 2648 431 2717 IV.
460 2650 493 2718 3.
543 2673 572 2719 1.
599 2653 694 2720 Dum
741 2647 857 2748 Hegio
902 2647 1067 2717 laudaret
1110 2648 1299 2715 Mitionem

648 2769 766 2836 omnia
783 2767 933 2838 honeste
959 2767 1148 2848 iudicare,
1173 2768 1299 2836 missus

648 2890 848 2956 aSortratu
873 2886 948 2953 haec
974 2886 1007 2953 ei
1031 2885 1230 2978 respondit.

455 3023 487 3090 4.
540 3027 569 3073 t.
599 3004 780 3074 Erchinus
806 3028 1026 3102 cognoscent
1066 3005 1200 3073 tristari
1237 3004 1299 3071 So·

651 3143 798 3194 stratam
836 3124 1020 3219 filiamque
1056 3125 1153 3193 illiue
1190 3143 1299 3215 quum

648 3244 729 3339 ipre
749 3244 969 3327 viciaverat,
995 3244 1096 3337 quasi
1120 3242 1197 3334 ipre
1221 3238 1298 3307 vel·

644 3364 696 3432 let
720 3387 800 3433 eum
826 3364 998 3446 abicere,
1023 3362 1061 3429 in
1085 3360 1160 3428 haec
1185 3356 1299 3428 verba

645 3483 859 3579 prorumpit.

405 3726 449 3795 (ι)
470 3723 542 3782 eod.
562 3726 698 3785 ueniente.
