3284 5054
554 515 764 574 CLEONYMI
1062 524 1096 575 ot

269 599 279 626 .

218 681 299 736 non
338 649 397 732 rei
427 647 655 762 aequitatem
686 678 755 732 vos
784 649 954 732 edoceri.
1007 649 1062 732 Ut
1108 651 1143 735 si

216 821 358 877 eorum
377 789 548 874 orationi
577 787 816 884 crederetur,
845 817 927 869 non
949 786 1007 869 eis
1029 790 1144 871 Cleo·

218 930 331 1043 nymi
349 929 612 1011 hereditatem
632 926 817 1022 decerni,
838 928 908 1009 sed
927 925 1140 1038 Cleonymi

216 1070 419 1154 vesaniam
441 1067 623 1151 damnari
645 1097 668 1149 a
693 1067 804 1151 vobis
829 1088 1042 1182 oporteret.
1071 1069 1142 1148 Se-

217 1239 309 1307 cus,
337 1208 370 1291 si
391 1228 537 1291 nostrae
558 1205 729 1287 orationi
751 1202 871 1288 fidem
901 1207 1141 1321 adiungatis‚

216 1347 395 1462 seqnitur
415 1370 458 1428 ut
477 1346 589 1429 illum
612 1341 842 1425 existimetis
862 1365 968 1427 recte
990 1346 1142 1428 delibe-

108 1569 119 1589 ,
215 1517 324 1570 rasse
343 1514 435 1568 curn
464 1482 671 1595 antiquare
701 1482 853 1564 tabulas
883 1483 1040 1581 voluit3
1070 1514 1142 1568 nos

218 1647 449 1706 autemnon
481 1621 766 1734 calumniosam
795 1647 955 1701 causam
1002 1651 1141 1736 agere,

216 1766 286 1846 sed
311 1764 398 1845 iure
426 1764 513 1844 haeo
543 1764 649 1843 bona
678 1758 824 1842 iudicio
853 1739 1052 1876 persequi.
1081 1764 1143 1845 Ad

217 1925 436 1985 extremum
465 1899 746 1996 memineritis,
776 1929 801 1980 o
820 1899 928 1996 Viri,
949 1896 1038 1981 fieri
1059 1930 1141 1984 non

216 2070 352 2156 posse,
365 2062 410 2123 ut
423 2038 610 2154 suffragia
631 2068 707 2152 pro
728 2039 978 2123 Adversariis
997 2041 1143 2140 nostris

218 2179 381 2277 feratis,
416 2180 449 2261 si
479 2180 544 2260 vel
573 2178 752 2291 ipsorum
779 2162 950 2264 orationi
967 2203 1143 2267 mentem

215 2316 439 2421 advertatis.
467 2316 594 2398 Multo
623 2318 731 2400 euim
761 2317 1054 2430 iniquissimum
1084 2349 1143 2402 es·

216 2477 298 2553 set,
328 2457 361 2539 si
390 2485 514 2569 quum
541 2457 776 2539 'Adversarii
809 2485 890 2539 non
922 2460 1143 2540 detrectent

215 2595 477 2683 hereditatem
497 2595 704 2677 nobiscum
733 2595 1049 2692 communicare,
1070 2624 1142 2678 voa

214 2730 293 2815 illis
323 2733 550 2817 universam
589 2732 886 2817 adiudicaretis:
920 2755 959 2817 et
986 2733 1140 2818 'iisdem

213 2872 331 2984 plura
350 2871 575 2958 tribueretis
596 2903 715 2987 quam
732 2872 807 2986 ipsi
824 2870 900 2958 sibi
924 2874 1139 2972 vindicam3

216 3037 290 3091 nos
305 3032 437 3091 autem
450 3041 557 3096 ueea
576 3013 738 3126 quidem
757 3036 871 3129 parte
891 3014 1034 3128 dignos
1051 3043 1143 3096 cen·

216 3149 373 3245 seretis,
395 3179 516 3262 quam
534 3153 638 3236 ultro
658 3155 886 3237 Adversarii
904 3154 1138 3237 concedunt.

259 3407 307 3487 (a)
332 3409 410 3466 cod.
433 3406 614 3475 Κλεόνυμον.
