3284 5054
713 526 937 589 CLEONYMI‘
1203 529 1241 586 ²5

359 687 490 752 autem
520 670 573 750 ab
602 694 649 748 ea
677 683 793 778 parte
814 690 887 746 vos
916 662 1077 759 docere,
1104 659 1213 743 uude
1240 659 1286 743 li·
1393 633 1397 642 ¹

355 817 463 904 tem,
493 806 535 888 in
566 833 644 918 qua
674 830 913 899 versamur,
943 829 1063 915 quam
1094 798 1283 882 citissime

354 944 595 1060 intelligetis.
615 941 758 1025 Dinias
786 939 913 1055 patris
943 939 1067 1023 nostri
1095 937 1219 1021 frater
1239 936 1284 1019 iu

353 1085 488 1166 tutela
504 1111 578 1166 uos
607 1081 765 1178 habuit,
792 1101 958 1192 patruus
986 1079 1172 1193 pupillos.
1201 1076 1281 1159 Hic

353 1243 487 1305 autem
513 1219 740 1302 inimicitias
766 1222 975 1300 exercebat
994 1247 1086 1300 cum
1103 1219 1285 1329 Cleony-

352 1388 431 1478 mo,
453 1361 552 1441 Uter
573 1386 695 1471 porro
714 1383 852 1437 eorum
875 1384 1012 1479 ansam
1031 1357 1198 1439 discidio
1218 1359 1284 1440 de·

355 1499 488 1592 derit,
528 1491 649 1577 officii
678 1493 757 1574 mei
787 1522 869 1577 non
889 1472 1058 1575 'videtur
1092 1493 1284 1576 certiores

354 1664 426 1718 vos
448 1633 597 1717 facere.
627 1627 764 1715 Unum
785 1635 862 1715 hoc
883 1634 990 1748 haud
1016 1630 1218 1715 immerito
1239 1633 1284 1715 in
1364 1699 1371 1712 .

355 1791 526 1886 utroque
547 1760 901 1886 reprehenderim,
921 1773 1029 1887 quod
1050 1792 1166 1855 antea
1187 1769 1284 1854 ami·

355 1912 393 1995 ci
422 1940 548 2026 quum
584 1930 749 2010 essent,
788 1939 920 2026 neque
954 1908 1145 2024 deinceps
1174 1929 1285 1993 certa

354 2050 487 2164 aliqua
509 2049 765 2135 dissensionis
792 2048 948 2132 occasio
973 2047 1173 2145 inciderit,
1199 2054 1282 2130 tam

351 2208 505 2273 temere
533 2219 584 2272 ex
610 2190 877 2302 quorumdam
905 2185 1169 2273 sermunculis
1196 2214 1282 2269 mu·

351 2349 439 2412 tuas
466 2326 696 2434 inimicitias
724 2347 1030 2441 susceperunt..

407 2468 457 2550 V.
478 2467 597 2571 Quod
611 2465 734 2580 igitur
750 2465 867 2549 huius
881 2466 962 2548 odii
979 2466 1169 2550 adversus
1185 2464 1280 2546 Fra-

353 2769 435 2838 sus,
446 2771 512 2825 eas
523 2745 678 2828 tabulas
692 2743 945 2843 condidisset,
956 2743 1055 2858 ipse,
1065 2736 1279 2858 postquam

353 2880 582 2979 convaluit,
610 2886 801 2967 narrabat
829 2885 1085 2997 Cleonymus.
1115 2882 1279 2996 Quippe

354 3019 481 3102 nostri
496 3022 660 3103 tutelam
679 3023 766 3136 geri
789 3024 949 3108 videbat
969 3054 992 3107 a
1010 3023 1148 3120 Dinia,
1164 3050 1280 3106 vere·

351 3162 550 3271 baturque
562 3188 627 3256 ne,
642 3160 769 3274 siipse
782 3163 897 3244 nobis
909 3164 1039 3244 adhuc
1049 3159 1185 3272 pueris
1196 3186 1279 3239 mo-

351 3316 528 3392 reretur,
564 3299 671 3379 bona
697 3298 840 3379 suain
863 3321 1100 3412 potestatem
1139 3294 1276 3380 Diniae

395 3532 443 3613 (a)
467 3532 662 3617 Cleonymus
696 3536 907 3596 inofficiosum
943 3535 1023 3597 illud
1054 3551 1280 3597 testamentum

354 3638 544 3696 condiderat
566 3639 646 3700 olim
666 3635 848 3720 implicitus
879 3639 916 3698 in
946 3639 1116 3709 morbum,
1148 3655 1275 3716 exque

355 3736 528 3800 convaluit.
