3284 5054
736 537 943 600 soscnrra
1197 561 1236 622 29

355 673 528 740 sustineat
543 671 699 739 hominis
713 677 826 768 gratia
851 698 886 739 er
900 672 1061 740 humana
1079 672 1278 756 felicitatis3

354 791 415 857 isti
454 795 516 882 qui
557 815 674 882 neque
712 792 749 858 id
785 798 924 870 sciunt,
960 815 1077 882 neque
1115 794 1279 883 plerique

357 909 496 985 discere
522 912 672 990 votum,
699 912 788 976 atria
815 916 956 1001 quidem
983 933 1059 977 etus
1085 933 1119 976 et
1151 913 1278 1003 pinnas

354 1048 389 1094 et
425 1026 555 1092 loricas
580 1049 617 1094 et
643 1029 742 1093 lucos
768 1047 803 1092 et
830 1046 929 1118 prata
958 1029 1157 1094 mirantur:
1182 1050 1278 1095 eam·

354 1143 434 1211 dem
462 1168 579 1211 autem
611 1144 745 1210 habere
769 1143 975 1211 habitacula
999 1149 1152 1213 aventis
1178 1164 1279 1229 tuta,

355 1283 391 1328 et
416 1262 565 1328 fortunas
598 1262 733 1352 impetu
750 1286 823 1328 non
839 1263 1031 1344 movenda,
1056 1262 1152 1330 haud
1177 1286 1279 1355 aequo

355 1384 475 1447 animo
501 1382 629 1451 terunt.

399 1498 474 1564 Vll.
501 1497 569 1564 Sed
595 1499 691 1563 enim
716 1496 860 1564 divinus
887 1499 1083 1589 Imperator
1114 1496 1276 1589 philoso-

352 1616 476 1707 phiam
513 1614 556 1679 ad
593 1616 752 1681 nativum
777 1636 813 1682 et
839 1616 1023 1706 publicum
1063 1619 1280 1683 exercitium

354 1734 552 1825 producere
577 1757 649 1800 non
668 1732 729 1800 diu
747 1753 931 1801 cunctatus
949 1753 1014 1803 est.
1030 1737 1062 1802 Is
1079 1735 1173 1802 enim
1192 1753 1280 1801 tam-

357 1875 465 1943 quam
491 1851 752 1919 oblectamento
777 1856 925 1945 antiqua
942 1873 1016 1919 arte
1033 1855 1178 1945 potitus,
1204 1876 1277 1920 nou

361 1970 459 2035 solus
485 1992 528 2035 ea
552 1975 623 2038 frui
639 1971 776 2047 votuit,
803 1972 919 2039 sedin
938 1995 1160 2038 communem
1178 1993 1281 2036 usum

366 2089 525 2157 eamdem
551 2092 686 2157 eduxit.
712 2092 816 2177 Quod
841 2091 952 2182 siquis
977 2092 1132 2158 Platonis
1156 2089 1280 2156 dicen·

364 2207 430 2275 dus
455 2227 507 2276 est
530 2207 659 2290 heres,
683 2234 756 2277 non
773 2208 842 2276 hoc
859 2231 989 2275 nomen
1006 2209 1204 2299 Speusippo
1221 2221 1282 2273 aut

301 2402 302 2406 Ἰ
357 2327 551 2394 Xenocrati
579 2328 806 2396 tribuendum
833 2346 910 2410 est,
946 2328 1007 2395 sed
1034 2328 1089 2394 illi
1114 2330 1176 2418 qui
1200 2349 1281 2393 sen-

354 2446 465 2511 tentia
499 2468 560 2512 sua
588 2470 665 2513 eam
703 2466 813 2513 artem
848 2448 1125 2523 corroboravit,
1167 2465 1275 2534 quam

351 2560 506 2649 ipsemet
528 2562 567 2629 in
592 2564 717 2654 primis
742 2563 789 2634 ad
805 2587 893 2665 opus
910 2565 1110 2654 pertraxit,
1137 2563 1272 2653 quique

353 2681 518 2761 curavit,
546 2699 583 2746 ut
607 2686 661 2747 vis
686 2682 834 2772 politica
861 2701 897 2750 et
922 2679 1156 2772 philosophia
1183 2681 1278 2746 inter

355 2816 392 2859 se
431 2802 705 2888 conspirarent,
743 2822 860 2891 neque
896 2802 1088 2890 separatim
1133 2797 1279 2866 incede-

352 2931 433 2979 rent
473 2917 647 3006 sapientia
688 2938 724 2985 et
762 2937 927 3012 potestas.
967 2917 1041 2986 Hoc
1081 2919 1177 2984 enim
1212 2919 1278 2984 im·

355 3035 540 3126 provisum
579 3040 820 3126 spectaculum
871 3036 1028 3104 ostendit
1077 3037 1278 3126 Imperator

352 3155 397 3222 iis
436 3156 499 3245 qui
537 3176 632 3219 nunc
674 3155 799 3222 vivunt
836 3155 1070 3236 homiuibus,
1115 3154 1278 3246 philoso-

352 3270 475 3365 phiam
507 3293 635 3362 nempe
661 3274 715 3338 ius
753 3273 993 3340 moderantem
1025 3296 1105 3339 cum
1142 3293 1278 3342 virtute

353 3394 535 3475 maxima,
576 3414 831 3487 sermonesque
871 3412 1074 3461 exerentem
1109 3395 1210 3461 vivos
1241 3410 1279 3462 et

349 3608 497 3670 philosophus
514 3613 578 3673 quati
594 3609 697 3657 heredem
713 3612 823 3673 rettqn'rs
839 3611 895 3656 drot
912 3620 987 3656 autem
1000 3612 1204 3672 proettantr'nr‘raot
1223 3624 1276 3659 rett-

353 3691 477 3754 divaeque
493 3692 614 3752 doctrina,
635 3695 787 3744 Xenocratem
810 3690 983 3741 ctatcetomm
1019 3701 1041 3739 tt
1060 3694 1206 3746 Aristotelen
1219 3697 1278 3744 Sta-

352 3782 453 3834 tmen.
