3284 5054
535 545 536 549 ,
584 513 790 575 SUSCEPTA
1065 515 1104 573 25

225 648 333 717 Hisce
356 645 489 729 finibus
513 670 552 714 ce
577 650 756 717 continuit
788 665 976 738 germanni
1000 641 1062 712 illc
1087 644 1150 714 So·

227 772 334 836 cratis
359 768 488 836 chorus
514 768 630 837 Cebes
655 766 783 835 Phaedo
801 763 1003 855 Aristippus
1020 760 1151 829 AEochi-

225 911 301 954 nee.
328 888 427 955 Unus
454 907 570 956 autem
597 888 739 956 divinus
763 887 861 955 Plato
889 887 1021 953 eximio
1046 882 1151 980 inge·

225 1008 289 1074 nio
315 1024 352 1075 et
374 1005 567 1075 verborum
593 1007 858 1103 magnificentia
882 1002 1052 1098 praeditun
1076 1003 1151 1094 pri-

225 1148 303 1193 mns
330 1126 594 1219 philosophiam
621 1127 784 1219 pluribus
807 1124 1026 1194 ornamentis
1043 1122 1152 1191 deco·

224 1246 329 1313 ravit:
346 1244 557 1337 addiditque
583 1265 675 1313 artes
701 1244 963 1313 arithmeticam
981 1241 1153 1311 musicam

227 1365 493 1433 astronomiam.
535 1364 692 1432 Ulterius
731 1382 849 1433 antem
884 1384 1074 1457 provectos
1114 1363 1156 1430 in

228 1483 345 1574 ipsum
359 1505 505 1574 quoque
530 1484 653 1550 caelum
680 1480 911 1560 conscendit,
929 1479 1154 1570 scrutarique

139 1602 141 1607 ’
226 1624 332 1669 ansus
358 1618 439 1684 cst,
463 1601 638 1694 numquid
662 1622 697 1670 et
722 1603 800 1696 ipsi
825 1602 953 1669 natura
977 1595 1071 1697 es'set
1094 1619 1154 1664 ou·

224 1714 383 1784 blimiut.
411 1719 497 1787 Cum
515 1721 609 1789 enim
629 1721 674 1791 ad
690 1719 835 1790 civilem
850 1720 960 1790 vitam
978 1717 1054 1785 haec
1071 1738 1155 1783 eru·

227 1836 378 1906 ditionis
418 1840 522 1930 copia
556 1841 648 1909 nihil
680 1865 752 1909 non
777 1840 943 1920 confert,
979 1855 1051 1904 tum
1076 1833 1155 1925 pin-

238 1955 358 2025 tonico
384 1959 544 2026 sollertia
570 1959 608 2027 id
635 1961 788 2028 maxime
813 1974 972 2051 spectat,
997 1970 1037 2020 nt
1060 1952 1153 2020 divi·

227 2096 272 2142 no
299 2071 393 2144 bona
408 2097 610 2161 ‚connectat
632 2079 813 2160 humanis,
837 2094 874 2146 et
898 2073 941 2142 ad
967 2072 1153 2141 universa·

232 2194 268 2260 le
293 2197 471 2290 regimen,
497 2217 672 2289 quatenus
696 2200 776 2267 fieri
799 2213 935 2291 potest,
959 2191 1155 2259 humanum

230 2311 440 2383 conformet.
451 2316 526 2382 Hoc
540 2318 634 2385 enim
655 2316 723 2385 eibi
740 2317 867 2382 volunt
878 2308 1098 2402 Respublicae
1117 2322 1155 2374 et

226 2427 444 2522 famigeratae
484 2433 554 2500 iliae
593 2434 705 2528 Leges
730 2450 766 2500 et
790 2430 927 2499 Phaedri
952 2445 988 2494 et
1013 2425 1154 2516 Gorgiae

227 2566 263 2614 ct
298 2572 338 2616 ea
380 2552 539 2643 scripta,
583 2552 715 2646 quibus
755 2552 893 2642 seipse
918 2548 1016 2614 Plato
1048 2564 1154 2635 oupe-

224 2685 310 2749 rot,
344 2693 474 2762 nempe
510 2695 588 2739 cum
624 2671 783 2741 ostendit
816 2668 988 2738 iustitiam
1025 2687 1091 2756 per
1115 2683 1153 2730 se

228 2783 342 2877 ipsam
383 2789 569 2857 colendam
603 2791 662 2859 vel
702 2775 801 2857 nulio
830 2786 979 2878 premio
1020 2802 1154 2873 propo·

230 2896 341 2985 tito}
364 2906 537 2975 malitiam
583 2909 668 2977 item
707 2932 771 2998 per
802 2928 840 2973 oe
865 2906 978 2995 ipsam
1009 2900 1154 2996 fugien-

229 3017 311 3087 dam
361 3019 502 3092 etiamsi
557 3005 654 3094 nulla
704 3024 845 3117 punitio
889 3035 1054 3089 secutura
1099 3013 1157 3081 nit.

228 3136 348 3229 Atque
399 3162 510 3234 genno
559 3142 747 3237 platonice
796 3133 1035 3232 philosophiae
1084 3127 1155 3198 hoc

229 3255 342 3325 ferme
368 3275 431 3325 cce

265 3664 301 3730 (α)
316 3665 351 3709 De
360 3664 453 3709 Plutone
469 3663 547 3708 endem
556 3677 628 3722 ¹pano
642 3661 724 3706 scribit
739 3660 820 3704 cicero
838 3657 941 3704 neodem.
951 3658 969 3700 1.
978 3669 1002 3714 4.
1010 3664 1034 3701 et
1042 3657 1065 3702 5.

266 3751 301 3814 (3)
316 3753 375 3799 vid·
390 3751 490 3797 Platoni·
501 3761 628 3813 pincentun
646 3748 784 3795 Theoetttnm
794 3747 921 3793 ttLibrnm
937 3737 1156 3803 indeminute..
