3284 5054
706 547 920 607 erronum
1137 516 1140 521 ’
1197 549 1236 608 ss

350 687 473 801 ipsos,
491 703 535 766 ut
552 710 626 766 nos
646 681 837 779 fecimus,
857 680 1220 766 demonstraverint
1238 705 1296 770 et·

351 850 499 936 genere
525 820 681 933 priores
711 842 751 901 et
778 820 1059 903 benevolentia
1082 848 1181 934 ergo
1199 821 1282 939 vitu

350 960 547 1057 iunctum,
571 959 713 1042 inutile
731 988 817 1042 esse
834 959 1095 1073 prolixiorem
1124 988 1282 1042 sermo-

351 1073 448 1183 nem
467 1099 720 1182 addere-Sed
734 1097 928 1210 quoniam
945 1096 1189 1195 Adversarii,
1208 1098 1282 1182 etsi

352 1258 542 1322 neutrum
567 1239 714 1320 horum
744 1264 821 1350 pro
850 1265 893 1319 se
923 1234 1056 1318 facere
1085 1237 1280 1334 sentiunt,
1373 1343 1377 1351 Ι

354 1377 502 1461 audent
527 1355 789 1483 nihilominus
814 1401 891 1484 pro
915 1372 965 1453 iis
993 1374 1111 1456 bonis
1134 1375 1283 1458 iudicio

354 1515 612 1609 contendere,
622 1537 713 1625 quae
727 1508 827 1601 nihil
843 1511 892 1591 ad
905 1509 994 1592 illos
1004 1511 1198 1610 adtinent,
1211 1512 1285 1596 ful·

330 1656 334 1663 '
354 1654 540 1764 lucesque
555 1646 980 1744 orationesinstruunn
992 1648 1084 1730 volo
1095 1669 1286 1737 eteorum

356 1784 604 1904 argumentis
624 1785 804 1868 breviter
824 1787 1081 1899 respondere.
1104 1791 1139 1871 T
1143 1810 1287 1875 nentur

357 1929 509 2043 quippe
520 1944 800 2008 testamentum
815 1923 1006 2023 dicentes,
1017 1925 1298 2037 Cleonymum

356 2069 572 2153 udvocusse
591 2063 893 2177 magistratum,
916 2092 1001 2148 non
1017 2062 1118 2147 illud
1136 2065 1289 2169 rescin-

353 2206 480 2292 dendi
489 2202 684 2290 causssed
694 2201 937 2300 emendandi
949 2204 1181 2316 donumque
1190 2203 1303 2316 ipsis¹

357 2343 635 2430 confirmandi.
646 2343 831 2425 Ismvero
848 2369 919 2424 vos
934 2341 1120 2438 iudicate,
1135 2343 1288 2425 tabulas

360 2514 459 2597 quus
473 2484 535 2565 ira
556 2481 756 2594 impulsus
776 2479 1017 2593 scripsisset,
1035 2502 1169 2562 utrum
1193 2506 1288 2593 pro-

360 2622 533 2705 babilius
548 2623 599 2704 sit
612 2618 785 2704 voluisse
796 2620 994 2732 obrogare
1007 2619 1289 2730 Cleonymum,

359 2778 571 2871 postquam
593 2757 626 2840 is
647 2755 1107 2869 nobisfamiliarissimus
1121 2777 1221 2855 erat,
1239 2784 1291 2839 un

361 2892 496 3007 potius
506 2923 664 2997 curasse
677 2893 721 2976 ut
730 2895 811 2979 suis
824 2895 941 2978 bonis
954 2891 1109 2979 firmius
1119 2924 1193 2978 nos
1207 2893 1293 3009 pri·

362 3051 487 3113 voret
505 3031 555 3111 Et
573 3030 748 3144 reliquos
768 3033 932 3145 quidem
945 3033 1144 3129 homines,
1160 3033 1293 3145 siquid

272 3227 275 3231 ·
361 3168 513 3252 amicos
533 3167 626 3251 irati
645 3155 852 3269 laesernnt,
879 3175 1077 3285 poenitere
1103 3172 1294 3286 deinceps

362 3306 477 3404 solen
492 3304 722 3389 Adversarii
743 3329 876 3393 autem
895 3307 1158 3408 contendunn*
1177 3312 1295 3394 Cleo-

338 3550 340 3555 .
363 3464 567 3559 nymnm‚¹
584 3475 665 3560 quo
683 3465 876 3560 tempore
904 3468 1002 3562 erga
1031 3478 1104 3532 nos
1123 3453 1295 3535 benevo-

365 3584 630 3670 lentissimum
666 3590 834 3702 gerebat
870 3588 1086 3689 animum,
1123 3590 1296 3675 voluisse
