3284 5054
569 610 778 672 SUSCEPTA
795 610 798 617 ’
1036 615 1076 672 85

193 751 380 842 principes
396 749 552 816 suerunt.
567 748 595 814 li
608 746 742 841 quippe
757 749 996 838 Imperatores
1013 767 1124 815 noves

192 885 291 950 rant,
311 870 501 959 imperium
518 867 635 932 veluti
652 887 783 957 corpus
800 886 890 946 esse,
924 864 1020 955 quod
1050 889 1123 956 quo

192 986 307 1052 maius
347 984 581 1076 nobiliusque
613 1003 702 1063 est,
740 1005 783 1049 eo
823 983 936 1077 magis
978 1001 1124 1073 oportet

191 1104 357 1197 expoliri.
388 1107 504 1194 Atque
532 1102 624 1168 hanc
649 1101 791 1167 stetisse
817 1100 1035 1168 sententiam
1061 1123 1124 1167 nus

189 1226 302 1315 siquis
343 1224 430 1289 item
475 1223 643 1287 Romanis
680 1217 795 1311 probe
844 1221 973 1286 nosti:
1024 1241 1125 1286 nem·

191 1363 236 1430 pe
285 1339 467 1406 eruditum
511 1339 684 1404 Catonem
725 1355 939 1428 quaestorem
985 1337 1122 1420 fuisse,

191 1456 340 1523 Brutum
381 1458 663 1546 imperatorem,
702 1456 900 1521 Favonium
936 1453 1123 1521 tribunum

191 1572 339 1664 plebis,
376 1572 573 1637 Varronem
609 1590 799 1663 praeturam
840 1572 1018 1667 gessisse,
1053 1574 1124 1640 Ru·

190 1691 311 1757 tilium
350 1690 584 1757 consulatum.
623 1691 729 1758 Mitto
765 1692 922 1759 Priscum
948 1712 984 1759 et
1008 1692 1124 1760 Thra·

191 1832 287 1875 seam
328 1827 363 1876 et
401 1808 491 1876 alios
529 1810 707 1878 eiusmodi
738 1836 746 1877 :
788 1829 823 1878 te
865 1815 960 1879 enim
999 1812 1124 1903 exple·

191 1926 283 1993 bunt
335 1927 547 2009 Historici,
593 1931 623 1994 si
661 1929 706 1995 iis
747 1948 901 1997 mentem
945 1929 1124 1999 advertes.

190 2046 315 2136 Neque
340 2047 434 2113 enim
461 2046 539 2137 ipse
555 2046 697 2113 Marcus
723 2047 821 2114 aliud
842 2066 921 2115 erat
945 2050 1017 2114 nisi
1042 2048 1126 2140 phi·

191 2162 364 2255 losophus
389 2182 627 2258 purpuratus:
668 2167 718 2232 ita
754 2184 790 2232 et
819 2165 1047 2249 Hadrianus,
1087 2183 1124 2235 et

189 2283 418 2364 Antoninus,
444 2304 481 2352 et
505 2308 600 2352 nuuc
623 2284 859 2353 Theodosius.

237 2403 296 2471 lX.
323 2406 431 2496 Atqui
457 2405 486 2469 si
511 2403 620 2471 huius
637 2405 818 2500 cingulum
838 2422 874 2471 et
899 2402 1124 2496 chlamydem

190 2539 367 2612 spectes,
404 2524 500 2590 inter
531 2524 621 2590 alios
662 2548 765 2619 reges
809 2547 890 2591 eum
927 2545 1125 2591 consume*

188 2636 323 2720 rabis3
363 2643 419 2710 sin
458 2645 616 2712 animum
653 2644 823 2734 inspicias
859 2660 895 2709 et
935 2660 1124 2727 mentem,

189 2759 307 2828 tribus
347 2787 462 2855 nuper
501 2762 607 2829 dictis
654 2761 838 2857 adiunges.
884 2761 1124 2830 Collocandus

222 2930 258 2989 (ὁ)
283 2929 318 2974 Ds
344 2929 488 2976 lL'lsrsotii
511 2934 620 2977 Varronis
644 2944 744 2994 pistura
759 2937 844 2977 urbsrss
862 2935 948 2978 sidcsss
971 2933 1079 2996 Pighium
1095 2931 1124 2975 sd

191 3027 227 3056 sn.
237 3011 266 3055 11.
276 3012 303 3055 C·
312 3013 369 3072 ⁶95.
378 3014 408 3057 ds
423 3017 561 3074 provincisii
579 3016 607 3059 sd
619 3031 655 3059 sn.
666 3014 721 3073 696.
735 3013 765 3058 Bt
781 3016 875 3074 qnidssn
886 3029 931 3058 sos
951 2999 1123 3070 ἕξιπέλικυς

191 3106 295 3153 pssum
311 3098 383 3154 msgis
400 3098 541 3154 provincisli
558 3100 675 3142 consessit.
701 3099 729 3141 ln
753 3097 816 3140 Urbs
842 3099 904 3139 snisn
932 3109 961 3136 ns
988 3092 1123 3135 consuimus

191 3178 305 3238 quidem,
323 3181 369 3220 ism
386 3178 441 3221 inds
456 3193 470 3221 s
492 3178 584 3223 Vsissio
602 3180 736 3240 Poplicola,
753 3191 843 3222 utores
860 3172 1046 3234 prassrslssntur.
1066 3172 1124 3216 vace

190 3255 261 3300 Dion.
270 3255 344 3299 lisiic.
353 3263 378 3297 v.
394 3267 430 3311 19.

222 3339 259 3402 (7)
275 3338 318 3383 llis
336 3346 371 3383 ssi
387 3353 490 3384 snmus
508 3340 549 3384 ills
565 3343 601 3385 sir
616 3340 750 3387 ulturum·
766 3339 837 3384 Rufus
855 3335 1049 3400 qo'ssonsnlstnm
1067 3347 1123 3398 gos-

189 3421 222 3463 sit
239 3433 291 3463 cnm
318 3417 451 3464 (Lllsnilio
476 3435 537 3464 snno
563 3421 591 3464 U.
608 3420 635 3464 C.
661 3429 822 3466 honines
842 3421 944 3464 sonnis
971 3417 1124 3476 scriptoribus

189 3515 328 3563 snsgnopsrs
344 3499 516 3545 commendator
533 3501 554 3545 1s
570 3517 584 3545 s
600 3501 678 3545 Tullio
694 3503 721 3544 in
737 3501 812 3545 Bruto
824 3502 980 3546 undresinse
997 3497 1078 3541 docetis
1091 3491 1126 3538 sis

193 3580 304 3642 etgrtsst's
315 3579 400 3625 litteris
413 3579 535 3634 eruditus,
555 3581 657 3628 Psnoetii
667 3581 769 3638 auditor,
781 3579 973 3642 prspeperfecrrss
986 3577 1009 3624 iss
1024 3575 1116 3625 Stoicis.

224 3663 260 3722 (a)
277 3662 375 3709 Thesses
397 3667 469 3710 Porus
486 3664 641 3725 philosophus
659 3669 747 3710 stoicus
763 3677 786 3711 st
813 3669 849 3710 vir
866 3670 971 3728 sgrsgiss
995 3663 1125 3708 ssloelsrstor

191 3742 252 3800 spud
269 3741 372 3788 'insitum
397 3745 478 3788 Annsl.
497 3754 543 3791 xiv
559 3745 793 3790 immissiones
815 3757 851 3791 sst
874 3746 1042 3798 subuersas,
1066 3744 1122 3790 asos

190 3826 274 3891 nortis
289 3827 387 3876 arbitrio
402 3834 456 3871 m.
468 3829 506 3875 33.
526 3828 616 3872 Priscus
633 3827 756 3873 llslritlsus
773 3830 842 3875 boios
857 3843 944 3894 μιν,
960 3828 1046 3875 virtuts
1063 3840 1120 3888 μὴ

190 3905 271 3965 pulsos
289 3916 326 3954 sst
344 3908 409 3954 italis
430 3925 443 3954 s
457 3909 556 3958 Nerone.
565 3911 593 3959 V.
602 3911 674 3958 Tacit.
682 3910 741 3958 ΗΜ.
751 3919 787 3956 lt·
796 3913 819 3960 5.
