3284 5054
392 506 411 566 8
720 507 913 568 EDITORIS

353 640 472 701 offendi
494 656 566 698 cum
588 640 724 718 picturis
748 643 865 720 partim
887 644 1037 715 ineditis,
1056 663 1194 725 eumque
1218 646 1281 706 uli·

355 748 435 814 quot
456 732 595 792 scholiis.
618 733 689 790 Vita
710 736 849 814 denique
871 738 939 815 ipsa
964 739 1042 796 mihi
1063 746 1204 800 occurrit
1219 741 1282 800 Te-

352 833 450 891 rentii
471 852 510 890 ex
530 833 752 908 antiquissimo
774 831 857 890 libro
879 838 1051 916 descripta,
1079 859 1150 918 quae
1173 840 1280 899 lucem

353 930 492 986 nondum
514 930 676 1004 aspexisse
696 931 833 998 videtur.
864 987 867 991 .

394 1023 425 1082 11
456 1026 550 1087 Nunc
573 1045 607 1087 ut
629 1032 668 1087 de
692 1027 801 1104 priore
824 1027 955 1086 Com-ico
983 1029 1125 1090 breviter
1156 1033 1279 1102 dicam,

355 1126 427 1204 quis
449 1139 554 1203 potest
576 1147 615 1186 ex
637 1131 721 1186 omni
743 1127 913 1188 latinarum
935 1129 1113 1188 litterarum
1131 1133 1283 1190 memoria

354 1241 479 1281 sumere
500 1220 622 1298 aliquid
646 1222 805 1284 illustrius
827 1245 921 1302 qttsm
941 1225 1107 1285 Plautum?
1122 1229 1176 1307 qni
1194 1229 1281 1306 inge·

355 1320 410 1378 nio
432 1320 597 1379 uberrimo
618 1320 767 1386 affluens,
802 1324 970 1380 sententiis
1000 1341 1152 1401 argutus,
1175 1323 1282 1382 verbis

355 1415 507 1484 ssiorenr,
538 1435 675 1476 romana
706 1439 808 1478 scenae
855 1423 1071 1499 principatum
1103 1423 1283 1481 diutissime

355 1516 471 1574 tenuit.
493 1511 593 1574 Tanta
616 1518 765 1593 equidem
788 1513 930 1573 Plautini
958 1518 1022 1575 oris
1051 1518 1191 1577 suavitas
1213 1517 1283 1575 visa

358 1627 425 1681 est,
447 1627 483 1672 ut
504 1614 572 1672 eius
595 1613 759 1691 eloquium
791 1636 854 1674 nou
884 1613 988 1675 solum
1020 1614 1118 1694 plane
1146 1614 1283 1671 atticum

349 1713 530 1772 indicatum
554 1715 617 1781 sit,
640 1715 693 1771 sed
715 1713 822 1770 divino
850 1733 1012 1771 musarum
1034 1713 1173 1771 sermoni
1196 1727 1281 1767 com·

356 1822 505 1888 paratum
523 1809 582 1885 (1).
606 1807 692 1867 ldem
714 1825 864 1887 praeterea
891 1806 1032 1866 imbutus
1060 1822 1172 1864 nutura
1201 1822 1283 1881 qua·

356 1904 428 1960 dam
450 1917 523 1980 apta
543 1906 582 1960 ad
600 1924 698 1982 genus
721 1907 869 1969 iocandi,
890 1902 1005 1963 habuit
1024 1920 1154 1980 prorsus
1176 1901 1284 1957 omnia

358 2017 430 2076 quse
452 2001 612 2074 pertinent
631 2003 668 2058 sd
691 2001 843 2060 cornicem
865 1998 1070 2058 hilaritatem.
1092 1993 1171 2053 Nam
1187 2005 1218 2051 et
1235 1995 1284 2052 di-

358 2094 503 2152 nacitatis
524 2094 625 2153 aculei
648 2096 823 2154 acutissimi
846 2097 879 2151 in
899 2113 936 2151 eo
966 2106 1063 2162 sunt,
1093 2103 1123 2149 et
1154 2090 1285 2167 lepidis·

358 2194 431 2253 simi
462 2193 542 2252 sales
574 2207 605 2251 et
633 2182 753 2252 inlicita
787 2195 954 2251 festivitas.
988 2190 1070 2248 Sane
1104 2188 1284 2248 reconditos

357 2289 483 2355 fontes,
515 2291 704 2365 abditasque
734 2287 823 2345 velut
853 2289 997 2364 regiones
1031 2283 1164 2342 ridiculi
1194 2285 1284 2360 apud

358 2381 504 2441 Plautum
529 2384 663 2441 mireris.
687 2380 734 2439 lta
765 2402 802 2440 ex
831 2381 917 2438 omni
949 2397 1063 2458 genere
1097 2371 1297 2436 facetiarum
1327 2362 1337 2383 ⁶

357 2489 443 2537 tutus
465 2493 609 2547 constat,
632 2493 787 2557 tantoque
808 2495 904 2551 opere
934 2473 1060 2532 lascivit
1088 2491 1124 2529 ac
1153 2471 1285 2548 perfluit

357 2572 477 2630 infreni
499 2577 634 2651 quadum
656 2572 789 2633 ludendi
811 2570 950 2628 licentia.
972 2565 1207 2632 Animaduerto,
1235 2568 1296 2624 in-·

360 2669 431 2746 quit
451 2666 635 2727 Macrobius
653 2668 724 2746 (a),
745 2668 818 2728 duos
850 2686 919 2740 quos
945 2661 1200 2741 eloquentissimos
1227 2679 1287 2717 au·

359 2761 442 2838 tiquo
463 2772 536 2819 oetos
556 2761 646 2831 tulit,
669 2764 814 2821 comicum
829 2761 976 2820 Plautum
996 2768 1026 2815 et
1046 2766 1195 2812 oratorem
1216 2750 1288 2810 Pul·

358 2853 451 2923 luam,
473 2871 524 2911 eos
546 2856 647 2915 umbos
667 2858 761 2914 ctiam
783 2858 825 2917 ad
848 2860 981 2915 iocorum
1000 2861 1185 2911 venustatem
1206 2862 1284 2909 cete-

357 2951 399 3007 ris
419 2952 598 3024 prostitisse.
616 2953 742 3009 Plautus
762 2951 884 3027 quidem
906 2968 943 3008 eu
971 2968 1003 3009 re
1032 2948 1132 3007 clarus
1149 2945 1232 3020 fuit,
1253 2955 1287 3000 ut

352 3056 424 3120 post
444 3057 569 3104 mortem
590 3049 653 3105 eius
673 3047 840 3115 comoedioe,
863 3064 928 3123 qooe
950 3051 1073 3105 incerto
1088 3041 1287 3120 ferebantur,

359 3140 507 3200 Plautian
526 3155 629 3201 tumen
650 3161 711 3202 esse
732 3139 770 3199 da
795 3145 928 3199 iocorum
959 3141 1050 3219 copia
1078 3149 1284 3198 noscerentur.

357 3235 555 3313 Quamquam
580 3239 662 3295 idem
686 3256 746 3294 non
769 3255 896 3313 semper
918 3238 950 3294 in
973 3237 1064 3300 ioco,
1086 3254 1171 3311 saepe
1190 3233 1286 3289 etiam

358 3326 395 3384 iu
416 3331 572 3408 gravitate
593 3345 746 3390 versatur.
766 3331 871 3407 Quare
894 3329 1039 3389 Plautina
1059 3328 1213 3387 comoedia
1238 3339 1286 3384 est

359 3423 438 3490 item
460 3424 585 3484 cultura
606 3429 727 3495 animi,
749 3448 820 3503 quae
844 3427 995 3486 convellit
1017 3425 1094 3485 vitis
1116 3425 1285 3482 radicitus.

359 3514 460 3583 lllulta
484 3517 511 3575 is
534 3537 609 3575 saue
629 3520 706 3576 dicit
727 3519 887 3587 illustria,
911 3520 1044 3595 eiusque
1074 3520 1200 3597 scriptis
1222 3536 1288 3576 non

393 3647 429 3708 (ιι
444 3647 512 3707 Apud
538 3651 709 3705 Quintilianum
725 3654 782 3698 lost.
799 3651 828 3698 Χ.
848 3667 868 3697 ι.
885 3651 1088 3711 massonam
1105 3653 1136 3701 ad
1155 3650 1288 3702 Pammatl.

358 3727 420 3774 lidie
430 3728 512 3772 Veron.
522 3727 574 3772 T.1.
586 3744 609 3786 p·
620 3732 675 3777 ³15.

392 3810 428 3876 (ι)
444 3809 559 3858 soum.
575 3811 604 3855 11.
616 3825 639 3859 1.
