3284 5054
572 506 780 569 SUSCEPTA
1058 515 1098 575 2³

207 642 361 724 habuit3
401 642 463 711 aad
488 643 640 712 ulterius
664 667 863 738 progressae
890 666 990 727 aunt,
1015 665 1054 718 et
1076 670 1140 719 ve·

207 781 349 832 arratum
375 767 579 833 necessario
604 766 870 844 adiunrrrnnt,
898 789 1140 865 ornatumque

207 887 245 954 iu
269 885 440 955 oneribus
465 909 542 955 ease
566 888 775 959 voluerunt:
801 889 855 955 tic
881 890 989 956 etiam
1021 891 1142 977 philo·
1181 923 1185 929 ·

208 1005 335 1087 anphia
377 1006 491 1073 effaris
525 1007 599 1074 iiiia
635 1008 774 1075 NOSCE
811 1009 864 1074 TE
903 1009 1060 1093 ΙΡἯῘΜ,
1104 1028 1143 1083 et

210 1127 352 1194 NOSCE
380 1128 614 1206 taurona,
641 1146 676 1196 et
699 1126 871 1209 NEQulu
904 1129 1030 1197 NtMts
1066 1138 1148 1200 nou'
1202 1158 1206 1167 ·

208 1246 296 1312 tatia
336 1244 538 1326 deiectam,
563 1270 680 1335 neque
705 1265 876 1314 contenta
902 1249 1076 1333 operibus
1102 1266 1142 1319 et

209 1366 372 1434 consiliio
396 1366 439 1432 ad
464 1366 573 1434 vitam
596 1364 786 1433 humanam
805 1368 1029 1446 necraaariiu,
1049 1369 1142 1438 mni·

207 1500 247 1552 to
288 1485 469 1551 exteriore
506 1502 632 1552 ornatu
658 1507 736 1551 aeae
760 1485 834 1576 ipsa
873 1486 1138 1572 circumdedit,

204 1602 386 1670 videlicet
410 1622 544 1672 natura
570 1603 776 1698 cognitione
801 1622 838 1671 et
861 1606 1033 1674 orationis
1050 1606 1142 1674 arti·

205 1719 302 1789 ficio.
354 1723 412 1788 Uti
448 1722 619 1791 nimirum
658 1723 783 1791 domur
822 1742 905 1791 aute
944 1723 1145 1793 andronem

205 1857 243 1908 et
268 1839 475 1909 cubiculum
500 1837 612 1910 habet
643 1840 821 1912 vestibula
862 1861 899 1912 et
937 1843 1066 1911 oatium
1103 1860 1142 1923 et

203 1959 362 2050 pit-rutae
387 1976 423 2028 et
453 1978 612 2028 statuat.-
648 1984 726 2049 quta
767 1961 913 2054 quidem
952 1961 996 2030 ad
1035 1985 1140 2032 utum

202 2099 274 2145 uon
298 2078 501 2156 conferunt,
527 2079 589 2146 aed
613 2103 732 2146 rerum
749 2082 832 2147 usui
851 2081 1138 2150 necessariarum

203 2214 454 2264 ornamentum
481 2215 517 2265 et
540 2197 649 2265 decus
673 2214 767 2265 aunt.

248 2313 294 2384 V.
316 2313 512 2407 Propterea
544 2317 711 2406 antiquat
742 2315 803 2383 ilie
829 2318 990 2384 Socrates
1026 2340 1135 2408 quam

206 2435 454 2524 exquisitioris
493 2435 677 2526 sapientia
727 2452 914 2524 parentem
957 2454 998 2500 ao
1033 2435 1135 2524 priu-

203 2554 321 2643 oipem
360 2553 441 2621 iure
483 2550 754 2646 appellaveris,
806 2552 945 2643 reliqua
986 2573 1134 2642 prortuo

202 2689 277 2739 uon
321 2667 508 2738 iudicabat
544 2692 622 2737 eane
661 2669 899 2760 vestiganda,
948 2668 1034 2760 quia
1075 2669 1132 2736 ui-

202 2783 333 2852 mirum
359 2785 415 2853 vei
441 2783 545 2853 nobis
571 2785 662 2853 nihii
690 2805 864 2876 prosunt,
889 2787 949 2855 vel
974 2803 1133 2855 uoatram

205 2902 453 2996 cognitionem
493 2922 601 2996 atque
639 2904 912 3002 intelligentiam
939 2905 1131 2975 excedunt.

201 3018 327 3088 Totam
343 3043 431 3088 vero
447 3023 485 3090 in
501 3022 694 3091 virtutibus
714 3040 750 3092 et
764 3024 863 3092 vitiia
887 3040 1042 3117 mentem
1072 3022 1135 3090 de·

201 3136 358 3234 figebat,
373 3157 493 3232 atque
511 3141 548 3208 in
564 3142 757 3233 querendo
769 3166 838 3233 qua
855 3141 996 3209 ratione
1020 3140 1131 3209 homo

154 3253 160 3279 ¹
202 3276 239 3326 et
267 3256 394 3326 domno
411 3277 447 3327 et
469 3260 595 3329 civitas
613 3258 709 3328 beati
725 3258 872 3328 fierent:
889 3256 1131 3351 laudabatqua

203 3375 397 3444 Homerum
416 3379 478 3469 qui
494 3378 529 3445 in
544 3377 669 3468 primia
682 3376 877 3444 curandum
895 3393 1019 3474 cenaet

296 3493 388 3580 Quid
401 3498 482 3564 bene
497 3497 618 3586 quidve
634 3519 726 3564 secus
735 3496 856 3586 putria
865 3509 1055 3588 peragatur

386 3614 423 3681 in
439 3616 522 3682 cade.

236 3807 273 3873 (²)
290 3810 371 3870 ΟΜ·
388 3798 413 3858 3·
425 3817 480 3874 ³⁹¹·
