3284 5054
689 513 902 572 CLEONYMl
1217 540 1251 578 21

365 649 589 759 Cleonymo
618 647 749 760 legata
779 646 981 745 fatemur,
1017 677 1187 763 aequam*
1205 671 1297 765 por·

370 789 520 871 tionem
543 817 616 870 nos
630 816 790 900 quoque
804 790 1085 900 adsequamur3
1095 788 1153 870 illi
1164 815 1297 878 autem

363 946 473 1010 tanta
494 927 743 1038 impudentia
763 923 1008 1024 efferuntur,
1035 951 1080 1010 ut
1100 949 1139 1010 et
1165 932 1297 1042 patria

360 1066 478 1149 nobis
507 1065 665 1179 eripere
694 1085 871 1148 tentent:
901 1094 983 1147 non
1011 1064 1177 1163 idcirco,
1193 1067 1293 1149 oVi·

360 1204 420 1300 ri,
449 1206 558 1317 quod
587 1204 648 1286 ius
675 1203 883 1299 nesciant,
905 1205 975 1285 sed
996 1205 1090 1317 quia
1120 1235 1193 1288 nos
1212 1207 1292 1320 pla·

364 1373 416 1426 ne
446 1343 595 1426 auxilio
625 1342 832 1426 destitutos
860 1370 945 1425 esse
966 1343 1223 1427 arbitrantur.

414 1487 465 1566 11.
476 1486 662 1566 Iamvero
676 1482 938 1578 considerate,
949 1483 1094 1595 quibus
1104 1483 1195 1567 freti
1207 1515 1291 1568 mo·

360 1622 506 1705 mentis
524 1624 604 1703 huc
622 1620 782 1734 utrique
801 1621 1072 1703 convenimus.
1091 1622 1155 1703 llli
1175 1645 1293 1725 testa·

359 1783 498 1846 mento
519 1760 720 1856 nituntur,
749 1762 857 1875 quod
884 1762 1150 1871 Cleonymus,
1175 1763 1292 1846 nobis

358 1899 497 2015 utique
519 1897 620 1981 nihil
632 1902 894 2012 exprobrans,
910 1899 980 1980 sed
994 1895 1118 1982 iratus
1130 1898 1291 1982 cuidam

359 2071 383 2125 e
412 2038 559 2124 nostris
589 2018 840 2136 necessariis,
865 2067 1008 2152 reapse
1034 2040 1290 2124 condendum

356 2179 522 2277 censuit3
538 2178 760 2292 antiquavit
771 2198 904 2261 autem
920 2199 1012 2262 ante
1026 2178 1179 2263 obitum
1196 2209 1289 2264 cum

355 2319 620 2433 Posidippum
631 2316 741 2400 misit
755 2318 806 2400 ad
820 2316 1107 2428 magistratum.
1120 2319 1206 2401 Nos
1222 2347 1289 2400 au-

347 2475 436 2546 ..tem
453 2477 493 2539 et
509 2484 658 2571 genere
674 2452 725 2538 ad
742 2455 1009 2567 Cleonymum
1024 2455 1208 2567 proxime
1226 2485 1289 2540 ac·

359 2595 560 2693 cedimus,
585 2617 626 2679 et
645 2597 789 2678 eodem
809 2591 1117 2675 familiarissime
1139 2593 1200 2675 usi
1220 2623 1287 2678 su·

356 2756 456 2811 mus.
477 2730 604 2814 Nobis
623 2752 821 2844 praeterea
841 2729 925 2812 eins
946 2733 1051 2813 bona
1073 2753 1158 2811 tum
1176 2731 1287 2844 leges

357 2867 592 2950 adtribuunt
604 2872 657 2952 ob
677 2870 739 2951 ius
760 2872 811 2952 ab
829 2869 1014 2952 intestato
1031 2871 1285 2969 succedendi,

355 3026 441 3087 tum
461 3003 548 3117 ipse
560 3005 805 3119 Cleonymus
825 3032 993 3122 propter
1013 3037 1129 3092 suum
1150 3008 1193 3090 in
1210 3000 1284 3091 nos

353 3173 550 3242 amorem,
569 3166 655 3226 tum
672 3145 844 3259 denique
855 3148 1102 3260 Polyarchus
1117 3147 1285 3258 Cleony-

315 3389 318 3396 .
353 3284 409 3367 mi
430 3304 559 3398 pater,
572 3310 669 3366 avus
690 3302 839 3379 noster,
851 3283 920 3398 qui
932 3282 1076 3378 sanxit,
1095 3302 1137 3362 ut
1150 3281 1283 3395 siquid

353 3425 585 3506 humanitus
615 3423 862 3536 Cleonymus
895 3422 1116 3503 limenorum
1138 3449 1282 3536 expers

352 3581 580 3673 pateretur,
608 3563 694 3671 ejus
714 3558 920 3644 facultates
939 3550 1082 3645 aditos
1106 3562 1284 3676 pertine·v

351 3719 452 3783 rent
475 3704 578 3786 Tam
602 3702 719 3816 graui
738 3702 837 3787 iuris
860 3703 1131 3819 praerogativa
1150 3732 1276 3817 quum
