<?xml version="1.0" encoding="UTF-8"?>
<!DOCTYPE html PUBLIC "-//W3C//DTD XHTML 1.0 Transitional//EN"
    "http://www.w3.org/TR/xhtml1/DTD/xhtml1-transitional.dtd">
<html xmlns="http://www.w3.org/1999/xhtml" xml:lang="en" lang="en">
 <head>
  <title>
</title>
<meta http-equiv="Content-Type" content="text/html;charset=utf-8" />
  <meta name='ocr-system' content='tesseract 3.04.00' />
  <meta name='ocr-capabilities' content='ocr_page ocr_carea ocr_par ocr_line ocrx_word'/>
</head>
<body>
  <div class='ocr_page' id='page_1' title='image "./fragmentainedit00maigoog_0196.png"; bbox 0 0 3284 5054; ppageno 0'>
   <div class='ocr_carea' id='block_1_1' title="bbox 571 516 1096 581">
    <p class='ocr_par' dir='ltr' id='par_1_1' title="bbox 571 516 1096 581">
     <span class='ocr_line' id='line_1_1' title="bbox 571 516 1096 581; baseline 0.006 -3"><span class='ocrx_word' id='word_1_1' title='bbox 571 516 781 580; x_wconf 76' lang='lat' dir='ltr'><strong>suscum</strong></span> <span class='ocrx_word' id='word_1_2' title='bbox 1057 521 1096 581; x_wconf 77' lang='lat'><strong>55</strong></span> 
     </span>
    </p>
   </div>
   <div class='ocr_carea' id='block_1_2' title="bbox 125 657 1142 1230">
    <p class='ocr_par' dir='ltr' id='par_1_2' title="bbox 125 657 1142 1230">
     <span class='ocr_line' id='line_1_2' title="bbox 210 657 1139 756; baseline -0.009 -21"><span class='ocrx_word' id='word_1_3' title='bbox 210 667 429 756; x_wconf 78' lang='lat' dir='ltr'><strong>Imperatore</strong></span> <span class='ocrx_word' id='word_1_4' title='bbox 468 677 652 753; x_wconf 89' lang='lat' dir='ltr'><strong>tamquam</strong></span> <span class='ocrx_word' id='word_1_5' title='bbox 676 683 720 728; x_wconf 85' lang='lat' dir='ltr'><strong>er</strong></span> <span class='ocrx_word' id='word_1_6' title='bbox 746 657 914 728; x_wconf 81' lang='lat' dir='ltr'><strong>theatrali</strong></span> <span class='ocrx_word' id='word_1_7' title='bbox 946 658 1139 742; x_wconf 84' lang='lat' dir='ltr'><strong>machina,</strong></span> 
     </span>
     <span class='ocr_line' id='line_1_3' title="bbox 210 779 1141 871; baseline -0.008 -18"><span class='ocrx_word' id='word_1_8' title='bbox 210 785 380 853; x_wconf 77' lang='lat' dir='ltr'><strong>molestiae</strong></span> <span class='ocrx_word' id='word_1_9' title='bbox 418 804 539 851; x_wconf 84' lang='lat' dir='ltr'><strong>omues</strong></span> <span class='ocrx_word' id='word_1_10' title='bbox 576 798 810 849; x_wconf 89' lang='lat' dir='ltr'><strong>evanuerunt.</strong></span> <span class='ocrx_word' id='word_1_11' title='bbox 843 780 942 847; x_wconf 84' lang='lat' dir='ltr'>Nulli</span> <span class='ocrx_word' id='word_1_12' title='bbox 981 779 1141 871; x_wconf 81' lang='lat' dir='ltr'><strong>pupilli,</strong></span> 
     </span>
     <span class='ocr_line' id='line_1_4' title="bbox 208 897 1141 997; baseline -0.004 -27"><span class='ocrx_word' id='word_1_13' title='bbox 208 904 300 971; x_wconf 90' lang='lat' dir='ltr'><strong>nulli</strong></span> <span class='ocrx_word' id='word_1_14' title='bbox 337 919 517 997; x_wconf 71' lang='lat' dir='ltr'><strong>egentes,</strong></span> <span class='ocrx_word' id='word_1_15' title='bbox 557 899 646 966; x_wconf 90' lang='lat' dir='ltr'><strong>nulli</strong></span> <span class='ocrx_word' id='word_1_16' title='bbox 683 900 786 967; x_wconf 85' lang='lat' dir='ltr'><strong>viles.</strong></span> <span class='ocrx_word' id='word_1_17' title='bbox 828 897 1013 989; x_wconf 88' lang='lat' dir='ltr'>Numquid</span> <span class='ocrx_word' id='word_1_18' title='bbox 1053 920 1141 966; x_wconf 88' lang='lat' dir='ltr'><strong>vero</strong></span> 
     </span>
     <span class='ocr_line' id='line_1_5' title="bbox 207 1016 1141 1108; baseline -0.011 -18"><span class='ocrx_word' id='word_1_19' title='bbox 207 1022 274 1090; x_wconf 90' lang='lat' dir='ltr'><strong>hos</strong></span> <span class='ocrx_word' id='word_1_20' title='bbox 299 1021 413 1090; x_wconf 90' lang='lat' dir='ltr'><strong>voluit</strong></span> <span class='ocrx_word' id='word_1_21' title='bbox 440 1042 517 1088; x_wconf 89' lang='lat' dir='ltr'><strong>esse</strong></span> <span class='ocrx_word' id='word_1_22' title='bbox 534 1020 658 1087; x_wconf 86' lang='lat' dir='ltr'><strong>felices</strong></span> <span class='ocrx_word' id='word_1_23' title='bbox 684 1017 810 1108; x_wconf 87' lang='lat' dir='ltr'><strong>patriis</strong></span> <span class='ocrx_word' id='word_1_24' title='bbox 839 1016 945 1084; x_wconf 90' lang='lat' dir='ltr'><strong>bonis</strong></span> <span class='ocrx_word' id='word_1_25' title='bbox 962 1016 1141 1108; x_wconf 79' lang='lat' dir='ltr'><strong>receptis,</strong></span> 
     </span>
     <span class='ocr_line' id='line_1_6' title="bbox 125 1133 1142 1230; baseline -0.004 -26"><span class='ocrx_word' id='word_1_26' title='bbox 125 1142 132 1156; x_wconf 75' lang='lat'><em>¹</em></span> <span class='ocrx_word' id='word_1_27' title='bbox 210 1161 229 1203; x_wconf 90' lang='lat' dir='ltr'><strong>a</strong></span> <span class='ocrx_word' id='word_1_28' title='bbox 270 1140 401 1230; x_wconf 91' lang='lat' dir='ltr'><strong>quibus</strong></span> <span class='ocrx_word' id='word_1_29' title='bbox 434 1156 551 1204; x_wconf 89' lang='lat' dir='ltr'><strong>autem</strong></span> <span class='ocrx_word' id='word_1_30' title='bbox 587 1135 726 1201; x_wconf 86' lang='lat' dir='ltr'><strong>idcirco</strong></span> <span class='ocrx_word' id='word_1_31' title='bbox 766 1134 963 1203; x_wconf 78' lang='lat' dir='ltr'><strong>abstulerat</strong></span> <span class='ocrx_word' id='word_1_32' title='bbox 998 1153 1037 1201; x_wconf 89' lang='lat' dir='ltr'><strong>ut</strong></span> <span class='ocrx_word' id='word_1_33' title='bbox 1076 1133 1142 1201; x_wconf 87' lang='lat' dir='ltr'><strong>do·</strong></span> 
     </span>
    </p>
   </div>
   <div class='ocr_carea' id='block_1_3' title="bbox 147 1250 1146 2524">
    <p class='ocr_par' dir='ltr' id='par_1_3' title="bbox 147 1250 1146 2524">
     <span class='ocr_line' id='line_1_7' title="bbox 209 1250 1141 1346; baseline -0.012 -20"><span class='ocrx_word' id='word_1_34' title='bbox 209 1260 317 1326; x_wconf 90' lang='lat' dir='ltr'><strong>minis</strong></span> <span class='ocrx_word' id='word_1_35' title='bbox 356 1254 563 1335; x_wconf 73' lang='lat' dir='ltr'><strong>redderet,</strong></span> <span class='ocrx_word' id='word_1_36' title='bbox 604 1276 666 1320; x_wconf 90' lang='lat' dir='ltr'><strong>eos</strong></span> <span class='ocrx_word' id='word_1_37' title='bbox 707 1254 788 1346; x_wconf 81' lang='lat' dir='ltr'><strong>augi</strong></span> <span class='ocrx_word' id='word_1_38' title='bbox 829 1250 950 1320; x_wconf 84' lang='lat' dir='ltr'><strong>sivit?</strong></span> <span class='ocrx_word' id='word_1_39' title='bbox 992 1253 1141 1342; x_wconf 89' lang='lat' dir='ltr'><strong>Nequa-</strong></span> 
     </span>
     <span class='ocr_line' id='line_1_8' title="bbox 209 1369 1142 1469; baseline -0.009 -25"><span class='ocrx_word' id='word_1_40' title='bbox 209 1400 338 1469; x_wconf 82' lang='lat' dir='ltr'><strong>quam:</strong></span> <span class='ocrx_word' id='word_1_41' title='bbox 376 1372 440 1441; x_wconf 89' lang='lat' dir='ltr'><strong>sed</strong></span> <span class='ocrx_word' id='word_1_42' title='bbox 481 1374 571 1439; x_wconf 88' lang='lat' dir='ltr'><strong>emit</strong></span> <span class='ocrx_word' id='word_1_43' title='bbox 608 1373 724 1462; x_wconf 88' lang='lat' dir='ltr'><strong>ipsam</strong></span> <span class='ocrx_word' id='word_1_44' title='bbox 762 1371 986 1438; x_wconf 85' lang='lat' dir='ltr'><strong>occasionem</strong></span> <span class='ocrx_word' id='word_1_45' title='bbox 1028 1369 1142 1437; x_wconf 91' lang='lat' dir='ltr'><strong>bene·</strong></span> 
     </span>
     <span class='ocr_line' id='line_1_9' title="bbox 147 1489 1143 1588; baseline -0.007 -26"><span class='ocrx_word' id='word_1_46' title='bbox 147 1578 152 1588; x_wconf 29' lang='lat'>⁸</span> <span class='ocrx_word' id='word_1_47' title='bbox 208 1492 396 1572; x_wconf 75' lang='lat' dir='ltr'><strong>faciendi,</strong></span> <span class='ocrx_word' id='word_1_48' title='bbox 437 1491 655 1581; x_wconf 88' lang='lat' dir='ltr'><strong>pietatisque</strong></span> <span class='ocrx_word' id='word_1_49' title='bbox 697 1511 803 1556; x_wconf 89' lang='lat' dir='ltr'><strong>causa</strong></span> <span class='ocrx_word' id='word_1_50' title='bbox 843 1489 1052 1557; x_wconf 74' lang='lat' dir='ltr'><strong>exercendae</strong></span> <span class='ocrx_word' id='word_1_51' title='bbox 1085 1512 1143 1556; x_wconf 89' lang='lat' dir='ltr'><strong>ar·</strong></span> 
     </span>
     <span class='ocr_line' id='line_1_10' title="bbox 206 1605 1143 1708; baseline -0.004 -29"><span class='ocrx_word' id='word_1_52' title='bbox 206 1628 355 1708; x_wconf 81' lang='lat' dir='ltr'><strong>gentum</strong></span> <span class='ocrx_word' id='word_1_53' title='bbox 380 1609 597 1677; x_wconf 85' lang='lat' dir='ltr'><strong>numeravit:</strong></span> <span class='ocrx_word' id='word_1_54' title='bbox 622 1607 709 1675; x_wconf 90' lang='lat' dir='ltr'><strong>emit</strong></span> <span class='ocrx_word' id='word_1_55' title='bbox 734 1605 779 1675; x_wconf 92' lang='lat' dir='ltr'><strong>ab</strong></span> <span class='ocrx_word' id='word_1_56' title='bbox 804 1605 1021 1676; x_wconf 86' lang='lat' dir='ltr'><strong>habentibus</strong></span> <span class='ocrx_word' id='word_1_57' title='bbox 1051 1624 1143 1675; x_wconf 90' lang='lat' dir='ltr'><strong>tam·</strong></span> 
     </span>
     <span class='ocr_line' id='line_1_11' title="bbox 208 1724 1141 1821; baseline -0.001 -25"><span class='ocrx_word' id='word_1_58' title='bbox 208 1752 317 1821; x_wconf 90' lang='lat' dir='ltr'><strong>quam</strong></span> <span class='ocrx_word' id='word_1_59' title='bbox 364 1729 394 1795; x_wconf 91' lang='lat' dir='ltr'><strong>si</strong></span> <span class='ocrx_word' id='word_1_60' title='bbox 440 1744 535 1794; x_wconf 87' lang='lat' dir='ltr'><strong>esset</strong></span> <span class='ocrx_word' id='word_1_61' title='bbox 573 1727 769 1817; x_wconf 80' lang='lat' dir='ltr'><strong>privatus,</strong></span> <span class='ocrx_word' id='word_1_62' title='bbox 809 1724 957 1795; x_wconf 87' lang='lat' dir='ltr'><strong>donavit</strong></span> <span class='ocrx_word' id='word_1_63' title='bbox 991 1727 1036 1794; x_wconf 91' lang='lat' dir='ltr'><strong>iis</strong></span> <span class='ocrx_word' id='word_1_64' title='bbox 1076 1726 1141 1817; x_wconf 88' lang='lat' dir='ltr'><strong>qui</strong></span> 
     </span>
     <span class='ocr_line' id='line_1_12' title="bbox 211 1843 1141 1912; baseline 0 0"><span class='ocrx_word' id='word_1_65' title='bbox 211 1846 405 1912; x_wconf 88' lang='lat' dir='ltr'><strong>amiserant</strong></span> <span class='ocrx_word' id='word_1_66' title='bbox 428 1844 481 1910; x_wconf 91' lang='lat' dir='ltr'><strong>uti</strong></span> <span class='ocrx_word' id='word_1_67' title='bbox 506 1865 581 1910; x_wconf 88' lang='lat' dir='ltr'><strong>rex.</strong></span> <span class='ocrx_word' id='word_1_68' title='bbox 606 1843 647 1910; x_wconf 87' lang='lat' dir='ltr'><strong>Et</strong></span> <span class='ocrx_word' id='word_1_69' title='bbox 662 1867 757 1910; x_wconf 87' lang='lat' dir='ltr'><strong>nunc</strong></span> <span class='ocrx_word' id='word_1_70' title='bbox 773 1843 877 1911; x_wconf 89' lang='lat' dir='ltr'><strong>iustis</strong></span> <span class='ocrx_word' id='word_1_71' title='bbox 893 1843 1031 1912; x_wconf 89' lang='lat' dir='ltr'><strong>divitiis</strong></span> <span class='ocrx_word' id='word_1_72' title='bbox 1047 1843 1141 1912; x_wconf 88' lang='lat' dir='ltr'><strong>utri-</strong></span> 
     </span>
     <span class='ocr_line' id='line_1_13' title="bbox 212 1960 1144 2056; baseline 0.002 -27"><span class='ocrx_word' id='word_1_73' title='bbox 212 1986 283 2054; x_wconf 91' lang='lat' dir='ltr'><strong>que</strong></span> <span class='ocrx_word' id='word_1_74' title='bbox 306 1963 491 2042; x_wconf 80' lang='lat' dir='ltr'><strong>fruuutur‚</strong></span> <span class='ocrx_word' id='word_1_75' title='bbox 517 1962 579 2029; x_wconf 90' lang='lat' dir='ltr'><strong>alii</strong></span> <span class='ocrx_word' id='word_1_76' title='bbox 603 1963 677 2029; x_wconf 89' lang='lat' dir='ltr'><strong>suis</strong></span> <span class='ocrx_word' id='word_1_77' title='bbox 702 1960 880 2044; x_wconf 79' lang='lat' dir='ltr'><strong>obtentis,</strong></span> <span class='ocrx_word' id='word_1_78' title='bbox 906 1964 987 2045; x_wconf 75' lang='lat' dir='ltr'><strong>alii,</strong></span> <span class='ocrx_word' id='word_1_79' title='bbox 1013 1985 1144 2056; x_wconf 89' lang='lat' dir='ltr'><strong>prore</strong></span> 
     </span>
     <span class='ocr_line' id='line_1_14' title="bbox 217 2080 1098 2174; baseline 0.003 -26"><span class='ocrx_word' id='word_1_80' title='bbox 217 2080 346 2171; x_wconf 89' lang='lat' dir='ltr'><strong>inique</strong></span> <span class='ocrx_word' id='word_1_81' title='bbox 369 2101 548 2172; x_wconf 77' lang='lat' dir='ltr'><strong>possessa,</strong></span> <span class='ocrx_word' id='word_1_82' title='bbox 573 2080 683 2147; x_wconf 88' lang='lat' dir='ltr'><strong>multa</strong></span> <span class='ocrx_word' id='word_1_83' title='bbox 707 2082 743 2150; x_wconf 89' lang='lat' dir='ltr'><strong>vi</strong></span> <span class='ocrx_word' id='word_1_84' title='bbox 770 2083 848 2149; x_wconf 85' lang='lat' dir='ltr'><strong>auri</strong></span> <span class='ocrx_word' id='word_1_85' title='bbox 872 2082 1098 2174; x_wconf 88' lang='lat' dir='ltr'><strong>locupletati.</strong></span> 
     </span>
     <span class='ocr_line' id='line_1_15' title="bbox 255 2200 1146 2296; baseline 0.002 -29"><span class='ocrx_word' id='word_1_86' title='bbox 255 2201 348 2270; x_wconf 91' lang='lat' dir='ltr'><strong>XIX.</strong></span> <span class='ocrx_word' id='word_1_87' title='bbox 374 2200 467 2269; x_wconf 84' lang='lat' dir='ltr'><strong>Novi</strong></span> <span class='ocrx_word' id='word_1_88' title='bbox 499 2223 568 2296; x_wconf 79' lang='lat' dir='ltr'><strong>ego</strong></span> <span class='ocrx_word' id='word_1_89' title='bbox 604 2203 727 2293; x_wconf 87' lang='lat' dir='ltr'><strong>plures</strong></span> <span class='ocrx_word' id='word_1_90' title='bbox 763 2224 849 2296; x_wconf 80' lang='lat' dir='ltr'><strong>erga</strong></span> <span class='ocrx_word' id='word_1_91' title='bbox 887 2203 1146 2293; x_wconf 82' lang='lat' dir='ltr'><strong>Imperatorem</strong></span> 
     </span>
     <span class='ocr_line' id='line_1_16' title="bbox 206 2318 1145 2414; baseline 0 -28"><span class='ocrx_word' id='word_1_92' title='bbox 206 2319 369 2414; x_wconf 78' lang='lat' dir='ltr'><strong>ingratos</strong></span> <span class='ocrx_word' id='word_1_93' title='bbox 394 2318 522 2399; x_wconf 72' lang='lat' dir='ltr'><strong>fuisse,</strong></span> <span class='ocrx_word' id='word_1_94' title='bbox 548 2344 667 2412; x_wconf 89' lang='lat' dir='ltr'><strong>neque</strong></span> <span class='ocrx_word' id='word_1_95' title='bbox 693 2342 759 2411; x_wconf 90' lang='lat' dir='ltr'><strong>pro</strong></span> <span class='ocrx_word' id='word_1_96' title='bbox 783 2321 940 2411; x_wconf 87' lang='lat' dir='ltr'><strong>acceptis</strong></span> <span class='ocrx_word' id='word_1_97' title='bbox 957 2318 1145 2387; x_wconf 83' lang='lat' dir='ltr'><strong>beneficiis</strong></span> 
     </span>
     <span class='ocr_line' id='line_1_17' title="bbox 207 2437 1146 2524; baseline -0.002 -20"><span class='ocrx_word' id='word_1_98' title='bbox 207 2437 501 2505; x_wconf 82' lang='lat' dir='ltr'><strong>benevolentiam</strong></span> <span class='ocrx_word' id='word_1_99' title='bbox 526 2438 705 2506; x_wconf 86' lang='lat' dir='ltr'><strong>retulisse.</strong></span> <span class='ocrx_word' id='word_1_100' title='bbox 733 2437 905 2524; x_wconf 87' lang='lat' dir='ltr'><strong>Quamvis</strong></span> <span class='ocrx_word' id='word_1_101' title='bbox 931 2454 1050 2504; x_wconf 91' lang='lat' dir='ltr'><strong>autem</strong></span> <span class='ocrx_word' id='word_1_102' title='bbox 1068 2456 1146 2503; x_wconf 90' lang='lat' dir='ltr'><strong>mo·</strong></span> 
     </span>
    </p>
   </div>
   <div class='ocr_carea' id='block_1_4' title="bbox 208 2553 1146 2757">
    <p class='ocr_par' dir='ltr' id='par_1_4' title="bbox 208 2553 1146 2757">
     <span class='ocr_line' id='line_1_18' title="bbox 208 2553 1146 2648; baseline 0 -27"><span class='ocrx_word' id='word_1_103' title='bbox 208 2556 421 2623; x_wconf 89' lang='lat' dir='ltr'><strong>lestissimus</strong></span> <span class='ocrx_word' id='word_1_104' title='bbox 449 2553 590 2621; x_wconf 84' lang='lat' dir='ltr'><strong>accidat</strong></span> <span class='ocrx_word' id='word_1_105' title='bbox 614 2553 857 2621; x_wconf 88' lang='lat' dir='ltr'><strong>benefacienti</strong></span> <span class='ocrx_word' id='word_1_106' title='bbox 882 2555 1044 2648; x_wconf 81' lang='lat' dir='ltr'><strong>ingratus</strong></span> <span class='ocrx_word' id='word_1_107' title='bbox 1067 2553 1146 2621; x_wconf 84' lang='lat' dir='ltr'><strong>sni·</strong></span> 
     </span>
     <span class='ocr_line' id='line_1_19' title="bbox 212 2665 1144 2757; baseline 0 -25"><span class='ocrx_word' id='word_1_108' title='bbox 212 2688 292 2733; x_wconf 90' lang='lat' dir='ltr'><strong>mus</strong></span> <span class='ocrx_word' id='word_1_109' title='bbox 317 2667 395 2732; x_wconf 89' lang='lat' dir='ltr'><strong>eius</strong></span> <span class='ocrx_word' id='word_1_110' title='bbox 421 2666 483 2757; x_wconf 91' lang='lat' dir='ltr'><strong>qui</strong></span> <span class='ocrx_word' id='word_1_111' title='bbox 514 2666 677 2757; x_wconf 83' lang='lat' dir='ltr'><strong>accepit,</strong></span> <span class='ocrx_word' id='word_1_112' title='bbox 716 2682 872 2733; x_wconf 88' lang='lat' dir='ltr'><strong>attamen</strong></span> <span class='ocrx_word' id='word_1_113' title='bbox 909 2688 955 2733; x_wconf 90' lang='lat' dir='ltr'><strong>ne</strong></span> <span class='ocrx_word' id='word_1_114' title='bbox 991 2665 1036 2733; x_wconf 93' lang='lat' dir='ltr'><strong>ab</strong></span> <span class='ocrx_word' id='word_1_115' title='bbox 1071 2665 1144 2734; x_wconf 90' lang='lat' dir='ltr'><strong>isto</strong></span> 
     </span>
    </p>
   </div>
   <div class='ocr_carea' id='block_1_5' title="bbox 209 2782 1147 3349">
    <p class='ocr_par' dir='ltr' id='par_1_5' title="bbox 209 2782 1147 3349">
     <span class='ocr_line' id='line_1_20' title="bbox 209 2782 1145 2873; baseline 0.004 -25"><span class='ocrx_word' id='word_1_116' title='bbox 209 2782 362 2873; x_wconf 88' lang='lat' dir='ltr'><strong>quidem</strong></span> <span class='ocrx_word' id='word_1_117' title='bbox 387 2784 540 2850; x_wconf 86' lang='lat' dir='ltr'><strong>erimine</strong></span> <span class='ocrx_word' id='word_1_118' title='bbox 565 2783 626 2851; x_wconf 87' lang='lat' dir='ltr'><strong>hic</strong></span> <span class='ocrx_word' id='word_1_119' title='bbox 652 2783 929 2852; x_wconf 86' lang='lat' dir='ltr'><strong>invulnerabilis</strong></span> <span class='ocrx_word' id='word_1_120' title='bbox 963 2786 1145 2852; x_wconf 78' lang='lat' dir='ltr'><strong>sauciatus</strong></span> 
     </span>
     <span class='ocr_line' id='line_1_21' title="bbox 211 2899 1146 2994; baseline 0.004 -28"><span class='ocrx_word' id='word_1_121' title='bbox 211 2917 281 2966; x_wconf 89' lang='lat' dir='ltr'><strong>est:</strong></span> <span class='ocrx_word' id='word_1_122' title='bbox 298 2899 421 2966; x_wconf 89' lang='lat' dir='ltr'><strong>haurit</strong></span> <span class='ocrx_word' id='word_1_123' title='bbox 438 2902 533 2969; x_wconf 86' lang='lat' dir='ltr'><strong>enim</strong></span> <span class='ocrx_word' id='word_1_124' title='bbox 548 2926 595 2970; x_wconf 86' lang='lat' dir='ltr'><strong>ex</strong></span> <span class='ocrx_word' id='word_1_125' title='bbox 613 2901 740 2970; x_wconf 87' lang='lat' dir='ltr'><strong>eodem</strong></span> <span class='ocrx_word' id='word_1_126' title='bbox 756 2903 902 2994; x_wconf 90' lang='lat' dir='ltr'><strong>pietatis</strong></span> <span class='ocrx_word' id='word_1_127' title='bbox 918 2903 1017 2971; x_wconf 84' lang='lat' dir='ltr'><strong>fonte</strong></span> <span class='ocrx_word' id='word_1_128' title='bbox 1035 2903 1146 2970; x_wconf 83' lang='lat' dir='ltr'><strong>etiam</strong></span> 
     </span>
     <span class='ocr_line' id='line_1_22' title="bbox 211 3017 1146 3109; baseline 0.005 -26"><span class='ocrx_word' id='word_1_129' title='bbox 211 3017 273 3084; x_wconf 92' lang='lat' dir='ltr'><strong>ille</strong></span> <span class='ocrx_word' id='word_1_130' title='bbox 300 3040 407 3109; x_wconf 87' lang='lat' dir='ltr'><strong>quem</strong></span> <span class='ocrx_word' id='word_1_131' title='bbox 442 3020 500 3089; x_wconf 90' lang='lat' dir='ltr'><strong>sui</strong></span> <span class='ocrx_word' id='word_1_132' title='bbox 540 3044 659 3089; x_wconf 89' lang='lat' dir='ltr'><strong>mores</strong></span> <span class='ocrx_word' id='word_1_133' title='bbox 694 3021 824 3089; x_wconf 89' lang='lat' dir='ltr'><strong>merito</strong></span> <span class='ocrx_word' id='word_1_134' title='bbox 860 3039 1037 3090; x_wconf 80' lang='lat' dir='ltr'><strong>arcerent·</strong></span> <span class='ocrx_word' id='word_1_135' title='bbox 1075 3019 1146 3090; x_wconf 77' lang='lat' dir='ltr'><strong>sed</strong></span> 
     </span>
     <span class='ocr_line' id='line_1_23' title="bbox 209 3135 1146 3231; baseline 0.002 -28"><span class='ocrx_word' id='word_1_136' title='bbox 209 3135 334 3218; x_wconf 74' lang='lat' dir='ltr'><strong>enim,</strong></span> <span class='ocrx_word' id='word_1_137' title='bbox 372 3135 471 3227; x_wconf 87' lang='lat' dir='ltr'><strong>quod</strong></span> <span class='ocrx_word' id='word_1_138' title='bbox 510 3140 675 3231; x_wconf 87' lang='lat' dir='ltr'><strong>superius</strong></span> <span class='ocrx_word' id='word_1_139' title='bbox 711 3138 813 3219; x_wconf 76' lang='lat' dir='ltr'>dixi,</span> <span class='ocrx_word' id='word_1_140' title='bbox 839 3160 957 3205; x_wconf 89' lang='lat' dir='ltr'><strong>sermo</strong></span> <span class='ocrx_word' id='word_1_141' title='bbox 984 3138 1076 3205; x_wconf 91' lang='lat' dir='ltr'><strong>alius</strong></span> <span class='ocrx_word' id='word_1_142' title='bbox 1101 3159 1146 3205; x_wconf 86' lang='lat' dir='ltr'><strong>ex</strong></span> 
     </span>
     <span class='ocr_line' id='line_1_24' title="bbox 212 3253 1147 3349; baseline 0.003 -30"><span class='ocrx_word' id='word_1_143' title='bbox 212 3253 286 3319; x_wconf 89' lang='lat' dir='ltr'><strong>alio</strong></span> <span class='ocrx_word' id='word_1_144' title='bbox 312 3277 368 3319; x_wconf 92' lang='lat' dir='ltr'><strong>me</strong></span> <span class='ocrx_word' id='word_1_145' title='bbox 394 3273 496 3320; x_wconf 87' lang='lat' dir='ltr'><strong>extra</strong></span> <span class='ocrx_word' id='word_1_146' title='bbox 522 3255 749 3349; x_wconf 85' lang='lat' dir='ltr'><strong>propositum</strong></span> <span class='ocrx_word' id='word_1_147' title='bbox 774 3257 880 3345; x_wconf 90' lang='lat' dir='ltr'><strong>rapit.</strong></span> <span class='ocrx_word' id='word_1_148' title='bbox 903 3257 1030 3347; x_wconf 92' lang='lat' dir='ltr'><strong>Neque</strong></span> <span class='ocrx_word' id='word_1_149' title='bbox 1047 3253 1147 3323; x_wconf 90' lang='lat' dir='ltr'><strong>enim</strong></span> 
     </span>
    </p>
   </div>
   <div class='ocr_carea' id='block_1_6' title="bbox 209 3427 1148 3809">
    <p class='ocr_par' dir='ltr' id='par_1_6' title="bbox 209 3427 1148 3716">
     <span class='ocr_line' id='line_1_25' title="bbox 209 3427 1148 3490; baseline 0.002 -19"><span class='ocrx_word' id='word_1_150' title='bbox 209 3429 249 3471; x_wconf 76' lang='lat' dir='ltr'><strong>sul</strong></span> <span class='ocrx_word' id='word_1_151' title='bbox 268 3427 395 3473; x_wconf 80' lang='lat' dir='ltr'><strong>Theodosii</strong></span> <span class='ocrx_word' id='word_1_152' title='bbox 421 3429 530 3474; x_wconf 72' lang='lat' dir='ltr'><strong>theorum</strong></span> <span class='ocrx_word' id='word_1_153' title='bbox 547 3432 593 3476; x_wconf 84' lang='lat' dir='ltr'><strong>dno</strong></span> <span class='ocrx_word' id='word_1_154' title='bbox 612 3431 652 3476; x_wconf 79' lang='lat' dir='ltr'><strong>illa</strong></span> <span class='ocrx_word' id='word_1_155' title='bbox 675 3431 739 3475; x_wconf 74' lang='lat' dir='ltr'><strong>dolis</strong></span> <span class='ocrx_word' id='word_1_156' title='bbox 762 3430 882 3482; x_wconf 77' lang='lat' dir='ltr'><strong>inveniri,</strong></span> <span class='ocrx_word' id='word_1_157' title='bbox 909 3443 1028 3490; x_wconf 82' lang='lat' dir='ltr'><strong>unumque</strong></span> <span class='ocrx_word' id='word_1_158' title='bbox 1048 3437 1148 3473; x_wconf 66' lang='lat' dir='ltr'><strong>tutu·</strong></span> 
     </span>
     <span class='ocr_line' id='line_1_26' title="bbox 209 3509 1144 3568; baseline 0.002 -17"><span class='ocrx_word' id='word_1_159' title='bbox 209 3509 279 3551; x_wconf 77' lang='lat' dir='ltr'><strong>modo</strong></span> <span class='ocrx_word' id='word_1_160' title='bbox 298 3521 347 3555; x_wconf 69' lang='lat' dir='ltr'><strong>nse</strong></span> <span class='ocrx_word' id='word_1_161' title='bbox 365 3509 496 3555; x_wconf 71' lang='lat' dir='ltr'><strong>adfirmavit</strong></span> <span class='ocrx_word' id='word_1_162' title='bbox 511 3510 631 3555; x_wconf 56' lang='lat' dir='ltr'><strong>&amp;nahelis</strong></span> <span class='ocrx_word' id='word_1_163' title='bbox 648 3521 672 3556; x_wconf 79' lang='lat' dir='ltr'><strong>et</strong></span> <span class='ocrx_word' id='word_1_164' title='bbox 688 3509 801 3555; x_wconf 67' lang='lat' dir='ltr'><strong>felicitat·</strong></span> <span class='ocrx_word' id='word_1_165' title='bbox 821 3509 994 3568; x_wconf 67' lang='lat' dir='ltr'><strong>pleumvltle</strong></span> <span class='ocrx_word' id='word_1_166' title='bbox 1011 3509 1077 3554; x_wconf 77' lang='lat' dir='ltr'><strong>Ontt</strong></span> <span class='ocrx_word' id='word_1_167' title='bbox 1100 3513 1144 3554; x_wconf 66' lang='lat' dir='ltr'><strong>SV.</strong></span> 
     </span>
     <span class='ocr_line' id='line_1_27' title="bbox 210 3589 1145 3653; baseline 0.003 -20"><span class='ocrx_word' id='word_1_168' title='bbox 210 3604 234 3648; x_wconf 86' lang='lat' dir='ltr'><strong>p.</strong></span> <span class='ocrx_word' id='word_1_169' title='bbox 254 3603 309 3648; x_wconf 66' lang='lat' dir='ltr'><strong>las·</strong></span> <span class='ocrx_word' id='word_1_170' title='bbox 325 3591 353 3635; x_wconf 79' lang='lat' dir='ltr'><strong>t.</strong></span> <span class='ocrx_word' id='word_1_171' title='bbox 371 3600 422 3637; x_wconf 71' lang='grc' dir='ltr'><strong>ιιι.</strong></span> <span class='ocrx_word' id='word_1_172' title='bbox 434 3592 571 3640; x_wconf 60' lang='lat' dir='ltr'><strong>nomo</strong></span> <span class='ocrx_word' id='word_1_173' title='bbox 586 3607 638 3640; x_wconf 78' lang='lat' dir='ltr'><strong>ean</strong></span> <span class='ocrx_word' id='word_1_174' title='bbox 654 3593 730 3653; x_wconf 67' lang='lat' dir='ltr'><strong>igitur</strong></span> <span class='ocrx_word' id='word_1_175' title='bbox 746 3596 884 3638; x_wconf 72' lang='lat' dir='ltr'><strong>uumtln</strong></span> <span class='ocrx_word' id='word_1_176' title='bbox 900 3599 925 3637; x_wconf 77' lang='lat' dir='ltr'><strong>et</strong></span> <span class='ocrx_word' id='word_1_177' title='bbox 939 3589 1009 3638; x_wconf 74' lang='lat' dir='ltr'><strong>huss</strong></span> <span class='ocrx_word' id='word_1_178' title='bbox 1027 3590 1145 3636; x_wconf 75' lang='lat' dir='ltr'><strong>onuaatt</strong></span> 
     </span>
     <span class='ocr_line' id='line_1_28' title="bbox 210 3665 484 3716; baseline 0.026 -6"><span class='ocrx_word' id='word_1_179' title='bbox 210 3665 275 3711; x_wconf 73' lang='lat' dir='ltr'><strong>loono</strong></span> <span class='ocrx_word' id='word_1_180' title='bbox 291 3666 425 3716; x_wconf 60' lang='lat' dir='ltr'><strong>wirundus</strong></span> <span class='ocrx_word' id='word_1_181' title='bbox 441 3677 484 3716; x_wconf 65' lang='lat' dir='ltr'><strong>m·</strong></span> 
     </span>
    </p>

    <p class='ocr_par' dir='ltr' id='par_1_7' title="bbox 244 3733 466 3809">
     <span class='ocr_line' id='line_1_29' title="bbox 244 3733 466 3809; baseline -0.009 -15"><span class='ocrx_word' id='word_1_182' title='bbox 244 3747 281 3809; x_wconf 75' lang='grc'><strong>(8)</strong></span> <span class='ocrx_word' id='word_1_183' title='bbox 296 3749 354 3795; x_wconf 75' lang='lat' dir='ltr'><strong>cod.</strong></span> <span class='ocrx_word' id='word_1_184' title='bbox 383 3733 466 3799; x_wconf 70' lang='grc' dir='ltr'><strong><em>ῗτεσι.</em></strong></span> 
     </span>
    </p>
   </div>
   <div class='ocr_carea' id='block_1_7' title="bbox 0 0 1649 5054">
    <p class='ocr_par' dir='ltr' id='par_1_8' title="bbox 0 0 1649 5054">
     <span class='ocr_line' id='line_1_30' title="bbox 0 0 1649 5054; baseline 0 0"><span class='ocrx_word' id='word_1_185' title='bbox 0 0 1649 5054; x_wconf 95' lang='lat' dir='ltr'><strong> </strong></span> 
     </span>
    </p>
   </div>
  </div>
 </body>
</html>
