3284 5054
514 539 727 602 curtorum
820 592 822 598 ,
1039 560 1079 622 47

124 674 127 679 ’
223 672 354 766 XVI.
388 657 607 789 Postquam
635 674 758 789 igitur
797 674 1068 790 cognovistis,
1098 707 1124 760 o

126 875 129 881 -
178 796 298 910 Viri,
316 815 524 926 nquomodo
552 841 650 926 erga
679 842 753 898 nos
781 815 1124 929 Adversariosque
1183 866 1189 875 -

88 1055 93 1061 Ι
189 973 347 1036 nostros
376 951 554 1034 adlectus
593 951 715 1034 fuerit
745 952 1024 1066 Cleonymum·
1044 982 1126 1066 pu-

190 1087 342 1203 tabitis,
363 1086 549 1201 inquam,
580 1118 672 1172 eum
701 1092 892 1174 adversus
921 1120 1018 1190 nos,
1038 1091 1126 1206 qui·v

189 1229 359 1318 buscum
399 1227 641 1310 amicissime
683 1230 943 1325 versabatur,
981 1229 1037 1312 it'a
1063 1258 1126 1316 -se

190 1365 380 1476 gessisse,
420 1386 464 1447 ut
506 1394 561 1447 ne
600 1365 824 1476 appellaret
870 1365 1035 1476 quidem
1080 1367 1127 1452 in
1158 1351 1176 1398 ³

191 1504 360 1599 tabulis,
401 1504 463 1586 his
502 1524 665 1597 autem,
704 1529 877 1614 quorum
921 1506 1126 1589 nonnullis

190 1633 494 1737 craticiorum,
516 1667 764 1755 magnopere
782 1668 941 1723 curasse
966 1663 1009 1724 ut
1034 1643 1127 1726 uni-

189 1803 361 1860 versam·
386 1776 648 1864 hereditatem
687 1777 914 1862 adsereret?
943 1781 1126 1863 eosdem

192 1944 293 2027 que,
323 1917 399 1998 hac
416 1914 629 1999 simultate
656 1914 1128 2030 intercedente,plurimi

191 2053 442 2152 fecissemus
463 2055 833 2169 uero,quibuscum
855 2080 941 2138 erat
959 2056 996 2139 ei
1018 2081 1127 2142 tauta

192 2193 442 2278 necessitudo
463 2215 506 2277 et
523 2195 824 2292 benevolentis,
843 2195 1031 2280 maluisse
1050 2225 1128 2310 pro

188 2331 345 2418 viribus
374 2335 524 2416 damno
553 2330 751 2416 adlicere?
780 2335 885 2417 Sane
906 2335 941 2416 si
961 2333 1023 2418 isti
1045 2337 1128 2418 vel

182 2473 275 2575 ‚lent
292 2492 362 2555 aut
381 2475 538 2555 tabulas
558 2492 626 2553 aut
644 2494 847 2590 mortuum
862 2473 1125 2586 uituperare,

192 2611 301 2692 haud
319 2611 403 2693 scio
423 2609 618 2724 quidnam
636 2610 745 2692 aliud
764 2611 873 2723 apud
897 2637 969 2692 vos
994 2632 1128 2693 essent

92 2859 96 2866 .
192 2747 360 2830 dicturi:
400 2778 526 2861 quum
558 2747 746 2832 videlicet
774 2768 815 2831 et
839 2751 992 2832 tabulas
1018 2751 1127 2834 haud

194 2904 303 2966 recte
318 2883 520 2969 confectas
532 2883 781 3001 significent,
801 2908 842 2968 et
857 2885 935 3000 ipsi
949 2886 1129 2969 testatori
1256 2998 1260 3005 Ι

88 3080 93 3090 ·
193 3050 277 3104 non
296 3024 505 3134 probatas,
523 3026 709 3107 eumdem
724 3052 822 3107 vero
835 3044 917 3108 tam
931 3024 1127 3108 furiosum

195 3156 421 3256 declarent,
443 3181 488 3241 ut
507 3162 559 3244 ab
578 3191 627 3245 eo
645 3161 830 3244 inimicos
848 3161 978 3272 pluris
1004 3159 1129 3244 factos
1247 3240 1253 3251 ,

195 3298 410 3407 adfirment
429 3328 552 3414 quam
573 3299 813 3382 familiares:
831 3318 871 3380 et
888 3298 938 3380 iis
951 3328 1053 3413 quos
1071 3299 1129 3383 vi⁶
1245 3282 1251 3291 ’

70 3512 79 3523 .
183 3432 293 3522 ’νοω
314 3467 398 3521 non
416 3439 730 3551 alloquebatur,
757 3437 962 3521 facultates
992 3439 1044 3521 ab
1055 3423 1128 3522 eo·

195 3579 288 3669 dem
309 3607 394 3662 esse
414 3577 881 3691 legatas300nsuetudine
900 3599 1032 3663 autem
1051 3581 1138 3662 de-

195 3715 400 3802 vinctione
409 3739 567 3831 partem
576 3717 739 3833 quidem
750 3716 995 3834 aliquantam
1008 3719 1130 3804 fuisse
1196 3775 1199 3782 ·
