3284 5054
549 552 756 613 susurrus
1032 574 1073 637 49

235 690 310 757 XV.
334 688 441 755 Recte
470 687 609 754 Platoni
644 711 718 755 non
758 687 999 757 conveniebat
1039 713 1121 760 cum

189 808 372 898 Dionysio,
390 807 452 898 qui
465 806 621 874 Siciliam
639 805 878 899 opprimebat.
891 809 1000 875 Recte
1012 811 1122 879 Solon

190 925 410 993 abhorrebat
434 947 453 991 a
479 927 686 1008 Pisistrato,
717 927 780 1018 qui
815 926 913 992 cives
951 925 1122 994 libertate

188 1041 377 1133 spoliabat.
402 1043 510 1108 Recte
536 1042 713 1109 Neronem
742 1037 978 1107 citharoedum
1015 1064 1121 1109 aver·

190 1159 337 1227 sabatur
354 1159 550 1226 Musonius.
567 1160 674 1225 Recte
690 1158 930 1224 Domitianum
944 1158 1120 1226 furiosum

187 1276 324 1346 vitabat
348 1277 561 1343 Demetrius,
601 1277 662 1342 Ast
700 1296 768 1369 ego
802 1297 872 1365 qna
910 1275 1120 1345 defensione

190 1397 359 1466 adversus
383 1399 630 1486 vituperantes
655 1412 795 1478 uterer,
812 1394 883 1462 nisi
897 1394 1118 1486 paruissem?

190 1519 244 1582 An
270 1513 368 1606 quod
395 1535 499 1605 asper
523 1530 618 1579 esset
642 1512 673 1578 is
699 1514 762 1604 qui
787 1512 988 1582 invitabat?
1021 1514 1120 1606 quod

188 1633 315 1712 ferox,
329 1630 427 1723 quod
444 1631 640 1721 impervius
657 1630 838 1712 sermoni,
857 1630 954 1720 quod
971 1631 1116 1697 monitis

189 1749 379 1829 immotum
405 1747 502 1841 quod
533 1747 737 1815 libertatern
773 1746 922 1815 dicendi
957 1770 1029 1813 non
1064 1747 1118 1814 fe-

188 1864 299 1935 rens?
327 1867 432 1953 Quod
456 1866 487 1932 si
512 1866 628 1932 minus
651 1866 751 1949 haec,
777 1872 874 1933 ce'rte
914 1866 1013 1957 quod
1042 1888 1118 1933 ma·

189 1985 289 2079 ligno
312 1984 459 2079 ingenio
471 1983 604 2076 „quod
627 1984 794 2066 invidas,
828 1981 925 2075 quod
962 1980 1117 2051 avarus?

191 2103 259 2171 Sed
284 2102 381 2194 quod
397 2101 525 2168 horum
536 2101 706 2170 vitiorum
722 2124 787 2192 per
800 2104 893 2168 Deos
906 2104 943 2168 in
960 2102 1024 2168 illo
1042 2099 1116 2170 est?

236 2222 327 2288 XVI.
354 2223 425 2288 lam
452 2218 632 2312 quomodo
662 2220 870 2288 inutilitatis
905 2220 1117 2289 insimulan-

191 2340 258 2407 dos
283 2362 468 2407 censerem
494 2361 555 2406 eos
581 2336 840 2430 philosophos,
876 2341 940 2429 qui
972 2363 1117 2431 rempu-

189 2457 323 2526 blicam
347 2481 418 2525 non
443 2457 650 2550 attingunt,
677 2457 706 2520 si
730 2472 877 2521 vocatus
895 2455 939 2522 ad
957 2458 1118 2550 regimen

191 2575 293 2642 urbis
318 2576 468 2642 nutricis
486 2597 572 2641 meae
597 2597 617 2639 a
642 2575 719 2638 viro
737 2574 801 2662 qni
820 2573 919 2639 miris
937 2572 1119 2640 amoribus

189 2690 457 2782 philosophiam
475 2689 735 2781 prosequitur,
760 2711 834 2755 non
852 2688 1115 2757 adcurrissem?

190 2808 263 2902 Ego
289 2807 356 2875 tibi
381 2810 562 2876 Platonem
587 2825 715 2875 testem
738 2808 883 2890 sistam,
915 2809 1013 2901 quod
1038 2812 1115 2878 eius

192 2924 335 3020 legibus
375 2925 628 3018 obtemperans
652 2927 871 3021 morigerum
902 2927 1116 3020 Imperatori

193 3062 322 3110 memet
340 3042 500 3109 exhibui.
526 3045 640 3130 Quem
665 3047 763 3111 enim
787 3044 848 3110 ille
874 3045 911 3111 in
928 3045 1001 3110 suis
1026 3046 1116 3111 scri·

194 3163 266 3252 ptis
292 3160 450 3252 postulat
474 3185 494 3228 a
514 3162 590 3227 Diis
614 3184 735 3256 regem
759 3161 884 3254 generi
906 3160 1117 3242 hominum,

227 3478 262 3540 (4)
282 3477 324 3523 llic
351 3441 443 3524 ridetur
466 3476 597 3523 Demetrius
624 3479 665 3524 ills
690 3484 786 3538 cynicus
806 3483 973 3543 aVctpssisno
988 3487 1014 3529 io
1031 3486 1118 3530 insulas

193 3560 321 3620 relegatos,
338 3570 395 3604 testo
413 3561 523 3604 Suetonio
542 3559 606 3619 γαρ.
628 3565 665 3608 13.
734 3586 738 3595 ·

226 3638 261 3702 (⁵)
278 3640 352 3687 litiani
361 3644 386 3686 in
396 3642 458 3687 Orat.
466 3649 529 3686 xm
538 3658 562 3702 p.
572 3655 627 3702 ²¹4·
637 3641 663 3687 0.
672 3643 705 3688 sit
714 3643 854 3689 themistius
870 3657 895 3689 ta
905 3645 1024 3690 educatum
1033 3627 1110 3709 effoth

999 3880 1023 3922 D
