3284 5054
563 525 602 585 42
880 506 1096 567 Evnvcflvs

519 650 570 695 Aet.
613 649 651 694 fic·
693 662 718 692 v.

527 759 567 828 V.
615 780 647 848 7.
699 779 728 824 r.
753 754 873 826 Iussus
886 755 1019 824 Laches
1034 779 1052 820 a
1066 756 1286 824 Parmenone
1299 756 1443 851 ingredi

798 877 837 942 in
861 875 1004 942 domum
1022 873 1190 956 Thaidis,
1215 873 1269 942 ibi
1293 875 1444 966 putabat

795 991 908 1060 lilium
933 996 1093 1062 vinctum
1117 992 1244 1061 teneri.

704 1110 969 1180 3.R11)lch0
1000 1111 1112 1178 FVlT.
1135 1112 1268 1179 Mirum
1303 1110 1441 1179 derisus

794 1230 832 1295 in
859 1228 1013 1296 modum.

678 1369 732 1416 πο.
758 1346 998 1415 NOBlLlTAS.
1039 1346 1134 1415 Idest
1162 1347 1320 1442 cognitio
1352 1348 1444 1414 mul-

792 1483 927 1533 torum:
951 1463 1046 1532 unde
1073 1462 1252 1558 ignobiles
1272 1463 1442 1530 (licuntur

792 1583 980 1680 incogniti.

608 1704 642 1772 8.
692 1704 1005 1797 &Argumentum
1035 1703 1214 1768 umuiore
1243 1699 1287 1767 sd
1320 1700 1436 1767 mino-

792 1842 881 1887 rem.
912 1816 1087 1910 Omphale
1118 1818 1188 1885 fuit
1227 1819 1353 1912 regina
1388 1818 1441 1884 Ε-

790 1938 912 2033 gyptia
940 1946 978 2001 (ι)
995 1959 1073 2029 quae
1091 1959 1172 2003 eom
1199 1939 1437 2020 (Herculem)

789 2051 908 2144 coegit
949 2051 997 2117 ud
1039 2049 1220 2140 lanificium
1251 2056 1285 2108 (Ξ)
1316 2071 1438 2117 umore

790 2190 853 2234 suo
888 2167 972 2234 (lum
1003 2190 1085 2236 eum
1123 2168 1340 2259 suscepisset
1371 2166 1438 2234 ho-

790 2286 912 2377 spitio.

606 2421 639 2492 9.
665 2401 719 2470 55.
745 2403 897 2477 SAXVM
922 2403 1086 2472 VOLVO.
1109 2402 1204 2471 ldest
1219 2426 1323 2469 verso
1340 2401 1437 2495 opud

787 2545 844 2590 me
870 2522 945 2591 haec
971 2523 1132 2619 cogitans
1157 2539 1193 2590 et
1217 2520 1435 2591 desiderans.

786 2641 1025 2710 Proverbium
1048 2640 1194 2735 dignum
1222 2639 1404 2708 memoris.

738 2873 955 2946 Csnuomvs
978 2900 1152 2949 nnonnsvr
1176 2890 1225 2952 (³).

537 3185 591 3250 -(1)
610 3181 665 3237 Dic
684 3186 778 3255 potius
800 3206 865 3242 cum
885 3187 1016 3259 Donato,
1036 3197 1130 3268 regina
1150 3195 1294 3272 Lydorum.

507 3278 587 3420 ΒΘ)
607 3274 765 3335 Ἧᾶθῧᾶῑΰῐ
794 3284 984 3354 tupplendum
1014 3288 1051 3344 uel
1079 3288 1225 3357 lanificium
1257 3306 1292 3341 ex
1333 3283 1431 3338 eodem

535 3383 627 3422 cnuto.

544 3458 587 3528 (3)
607 3459 648 3516 De
669 3463 828 3536 calliopio,
849 3469 900 3539 qui
931 3428 1095 3525 Terentium
1126 3471 1286 3537 recensuit,
1318 3470 1430 3526 erudite

507 3552 659 3608 disseritur
679 3558 757 3627 rpud
776 3558 943 3616 Fabricium
962 3562 1088 3618 Bibliotl.
1108 3562 1154 3616 lat.
1185 3561 1250 3615 edit.
1270 3579 1330 3618 nos.
1354 3566 1384 3616 Τ.
1405 3577 1430 3614 1.

501 3664 532 3722 p.
552 3643 650 3701 5243.
