3284 5054
720 553 927 617 SUSCEPTA
1001 560 1004 564 ’
1205 583 1241 644 19

362 687 516 770 avibus,
542 685 639 779 quod
664 687 707 755 ad
732 688 808 756 hac
834 692 988 773 attinet,
1021 691 1213 761 inferiores
1239 697 1288 763 si-

356 830 444 877 mus.
473 809 540 874 lsta
566 830 674 898 porro
694 805 856 875 hominis
882 813 1141 903 praerogativa,
1173 813 1288 904 siqui-

356 928 436 995 dem
463 945 597 994 rectam
622 928 886 997 institutionem
912 931 1167 1012 nanciscatur,
1203 955 1288 1000 eum

354 1046 503 1116 exhibet
529 1047 746 1115 animantem
770 1047 811 1114 irt
837 1050 944 1116 terris
967 1073 1082 1142 prope
1113 1049 1287 1118 divinumt

354 1168 409 1232 sin
434 1188 602 1256 pravam,
636 1167 749 1233 feram
776 1168 884 1233 efficit
907 1168 1000 1234 ursis
1025 1169 1195 1260 aprisque
1232 1170 1293 1236 fe·-

353 1286 548 1353 rociorem.
567 1285 668 1350 Ratio
694 1286 792 1350 enim
818 1282 961 1350 malitiae
985 1283 1206 1366 inserviens,
1230 1288 1285 1353 'te-

356 1404 433 1471 lum
458 1423 513 1470 est
538 1425 759 1497 magnopere
785 1402 1040 1493 periculosum.
1056 1402 1169 1470 Huius
1184 1385 1302 1471 insti-⁸

357 1523 508 1591 tutionis
533 1522 648 1614 gratia
673 1522 822 1610 quaesita
848 1537 903 1585 est
927 1518 1000 1585 lex:
1026 1525 1173 1611 quaesita
1199 1525 1288 1590 item

357 1663 440 1717 ars,
483 1659 560 1729 quae
589 1638 709 1733 legem
736 1639 852 1730 ipsam
878 1637 1068 1705 inveniret.
1109 1640 1221 1734 Igitur
1256 1643 1288 1708 si

355 1760 472 1851 prims
506 1756 617 1824 initia
651 1756 880 1851 indagaverit
904 1756 1142 1848 philosophie
1178 1782 1287 1851 quam

356 1878 565 1973 longissime
602 1877 867 1973 progrediens,
910 1899 1007 1944 more
1048 1902 1173 1946 eornm
1222 1880 1287 1972 qui

340 2019 529 2087 uquarum
555 1997 670 2065 fontes
696 2012 923 2078 scrutantur,
961 2020 1032 2064 uon
1070 1998 1140 2064 alia
1178 2019 1288 2090 quam

354 2113 431 2182 haec
467 2115 653 2211 inuenies:
677 2134 713 2182 et
737 2137 799 2182 eos
824 2117 888 2206 qui
913 2114 979 2182 sub
1017 2117 1094 2183 eius
1129 2118 1289 2209 primord

355 2232 425 2299 diis
451 2233 653 2300 luculenter
680 2233 906 2314 floruerunt,
938 2231 1007 2301 hoc
1034 2236 1149 2326 primo
1174 2237 1285 2304 immo

360 2353 470 2419 unico
494 2353 610 2419 officio
635 2352 751 2418 claros
777 2369 814 2419 et
838 2348 1000 2417 celebres
1027 2353 1199 2418 extitisse.

403 2471 463 2537 Ill.
489 2471 650 2562 Namque
676 2471 739 2535 ille
765 2468 875 2535 Solou
900 2485 936 2534 et
960 2468 1143 2561 Lycurgus
1161 2487 1197 2532 et
1212 2469 1285 2535 Pit·

356 2605 456 2654 tacus
482 2605 519 2656 et
542 2589 621 2656 Bias
648 2604 685 2654 et
709 2584 904 2654 Cleobulus
927 2585 1016 2651 dicti
1040 2585 1192 2653 suntab
1218 2586 1285 2653 ho-

336 2703 515 2771 ·nrinibus
556 2707 765 2797 sapientes,
806 2728 879 2771 non
919 2703 1016 2796 quod
1055 2705 1282 2801 syllogismos

356 2910 515 2956 Hsrduinisns
532 2914 636 2959 editions
652 2900 800 2960 collationem
819 2918 842 2959 iu
856 2920 956 2978 metgias
969 2920 1101 2981 sdiungsre.
1123 2918 1195 2963 Nemo
1209 2928 1284 2962 tamen
1312 2924 1315 2930 '

354 2995 485 3051 suspicatus·
502 2993 560 3037 banc
587 2995 748 3041 Orationems
771 2996 934 3042 Themistisnis
958 2997 1011 3043 eliis
1035 3001 1206 3060 quodammodo
1227 3013 1286 3046 tous

357 3075 507 3117 sarcinatum:
526 3088 601 3135 neque
617 3079 679 3121 snitu
697 3066 745 3122 liae
763 3078 812 3122 illis
828 3077 928 3122 similior
943 3087 995 3134 sst,
1011 3094 1079 3141 qnam
1094 3081 1142 3124 illa
1156 3082 1211 3139 ipso
1225 3082 1286 3123 inter

360 3171 384 3201 ss
409 3157 439 3200 Et
456 3171 508 3201 sans
525 3158 586 3202 idem
604 3173 646 3202 sus
661 3161 781 3218 repetendi
806 3161 908 3204 studium
926 3174 968 3219 ego
986 3162 1078 3219 ipsein
1096 3163 1284 3219 prestantissima

354 3249 445 3282 oratore
461 3254 534 3298 guero
551 3241 649 3284 lsocrste
666 3242 762 3284 memini
779 3255 816 3285 rue
832 3241 889 3285 olim
907 3242 1025 3286 observare
1043 3244 1067 3284 in
1083 3241 1218 3302 praefatione
1234 3257 1285 3286 rusa

353 3319 382 3363 sd
398 3317 533 3364 Orationem
551 3319 578 3363 de
594 3319 767 3366 Permansisse
784 3322 895 3365 sditionls
912 3320 1092 3367 Mediolanensi·
1108 3339 1132 3381 p.
1149 3307 1185 3366 11.
1200 3326 1285 3368 lumin

355 3414 381 3444 ss
399 3403 447 3459 ipss
462 3398 573 3444 Oratione
589 3417 612 3460 p.
632 3405 671 3456 48.
689 3417 712 3446 n.
732 3413 753 3444 ι.
775 3410 797 3446 st
814 3404 838 3445 iu
854 3399 988 3461 Appendics
1004 3406 1076 3463 prims
1086 3434 1094 3458 ,
1116 3414 1140 3448 st
1156 3407 1242 3465 passim
1259 3408 1285 3452 itt

355 3482 418 3524 notis
434 3482 463 3524 ssl
480 3481 581 3524 amdam
599 3480 739 3525 Orationem.

392 3559 428 3621 (ι)
446 3558 476 3604 Ut
503 3561 582 3604 silssm
608 3563 637 3606 ‹ls
666 3564 794 3608 notissimis
812 3563 1002 3625 legumlatoribus
1020 3562 1144 3608 flnloneet
1164 3563 1280 3626 Lycurgo,

359 3639 442 3683 l’ittsei
466 3641 549 3687 bellice
575 3651 637 3705 gesta
653 3649 677 3687 st
692 3642 768 3705 leges,
784 3642 873 3688 Bisntis
894 3644 1054 3689 liberslitstsus
1070 3651 1094 3686 st
1108 3648 1280 3706 stetissemus,

360 3717 469 3766 Cleobuli
494 3731 517 3766 et
534 3725 695 3781 predictorum
720 3726 832 3784 sspisntis
856 3721 922 3772 ellan
943 3736 1018 3771 nsrrst
1041 3722 1144 3770 Laertius
1160 3725 1282 3771 lusorum

361 3795 432 3844 ntis.
701 3803 711 3817 ·’
