3284 5054
465 554 468 559 ,
507 533 734 628 ¹(toilonum
796 546 799 552 ·
1015 541 1055 602 ts

174 669 397 781 Cleonymo
419 667 490 780 qui
516 670 689 751 necdum
717 667 1005 783 consuetudine
1029 701 1102 754 no·

171 831 250 892 stro
282 811 466 890 utebatur
495 828 535 889 et
563 807 626 890 his
646 807 1102 894 omuibus-Adversaris
1218 846 1222 853 ·

172 945 319 1030 nostris
340 966 426 1028 erat
444 944 663 1028 familiaris.
685 946 834 1029 Postea·
848 974 947 1030 vero
973 968 1012 1029 et
1032 950 1105 1030 ho-

171 1109 263 1165 rum
284 1083 488 1166 nonnullis
508 1081 635 1165 sactus
650 1103 710 1166 est
729 1083 916 1167 inimicus
930 1086 1105 1199 Cleony-

173 1246 281 1316 mus,
306 1240 345 1302 et
365 1219 481 1304 nobis
504 1218 835 1303 familiarissimus
857 1250 944 1305 esse
969 1225 1102 1336 coepit

172 1358 221 1438 Et
241 1387 319 1471 qua
338 1358 500 1470 quidem
514 1359 565 1439 dc
585 1385 702 1439 causa
719 1359 931 1470 Cleonymi
947 1362 1105 1451 animus

173 1498 226 1579 ab
247 1494 494 1578 Adversariis
515 1495 663 1576 nostris
682 1523 845 1579 aversus
858 1497 922 1595 sit,
933 1500 1105 1583 otiosum

174 1654 236 1717 est
256 1632 409 1713 dicere:
430 1629 490 1714 rei
504 1653 638 1716 tumen
652 1631 777 1745 ipsius
796 1661 943 1747 magua
957 1635 1107 1721 indicia

175 1771 384 1852 exliibebo.
422 1770 529 1854 Nam
566 1769 753 1883 primum,
783 1800 908 1884 quum
948 1773 1106 1877 Baccho

174 1936 332 1990 sacrum
380 1908 530 1991 faceret
568 1909 837 2021 Cleonymus,
886 1939 1105 2027 omnesque

174 2045 447 2144 necessarios,
475 2048 701 2161 multosque
739 2077 763 2130 e
801 2047 955 2132 civibus
984 2054 1108 2135 advo·

176 2204 329 2281 casset,
357 2185 624 2267 Pherenicum
657 2212 822 2298 prorsus
851 2214 932 2268 non
962 2186 1108 2292 invito-

175 2300 242 2405 iit.
257 2324 416 2406 ,Rursus
444 2323 566 2436 paulo
596 2343 687 2405 onte
716 2322 871 2405 obitum
891 2354 1016 2437 quum
1034 2316 1107 2413 Pass

176 2489 364 2543 normum
405 2465 482 2542 iret
514 2461 676 2543 Simone
716 2461 883 2558 comite,
913 2463 1111 2547 occurris·

179 2614 319 2713 setque'
348 2600 452 2683 forte
480 2599 613 2682 eidem
653 2598 906 2697 Phereuico,
940 2629 1024 2683 non
1053 2624 1110 2685 tu-

179 2737 226 2819 lit
258 2766 352 2820 eum
388 2739 570 2821 salutare.
598 2738 797 2820 Praeterea
838 2766 961 2851 quum
989 2740 1040 2822 de
1063 2771 1121 2825 ea·

181 2873 381 2957 simultate
398 2875 663 2959 sciscitaretur
674 2875 942 2987 Cleonymum
951 2877 1110 2977 Simon,

179 3013 249 3095 ille
278 3012 482 3097 etodium
512 3038 650 3128 operte
677 3014 803 3098 fassus
832 3036 918 3112 est,
955 3037 996 3097 et
1035 3015 1112 3098 mi·

180 3170 298 3236 natus
326 3150 446 3235 etium
474 3179 541 3248 sc,
570 3180 651 3265 quo
680 3152 814 3234 animo
846 3151 891 3233 in
923 3150 1114 3234 Pheroni-

184 3309 417 3387 comesset,
437 3272 773 3377 ostensurumUt
798 3308 930 3395 autem
959 3309 1113 3372 constet

183 3458 250 3514 me
278 3457 374 3514 vera
403 3427 560 3526 dicere,
589 3449 706 3513 testes
733 3455 843 3508 voca.
872 3428 1091 3511 TESTE&

204 3702 207 3706 ,
230 3652 278 3732 (2)
291 3651 463 3711 Panormus
486 3645 599 3731 portus
620 3650 738 3709 Atticas
761 3669 779 3708 ι
802 3625 973 3710 Ptolemaeo
997 3654 1030 3710 iu
1053 3652 1113 3710 To·

184 3749 273 3811 bulis
298 3749 409 3831 (Edls
430 3752 530 3814 Amst.
550 3753 665 3814 ΕΜ.
678 3755 718 3814 D.
731 3755 789 3836 g.)
812 3765 1012 3813 memoresne.
1100 3736 1105 3743 ¹
