3284 5054
407 464 448 537 ος
641 462 695 520 οε
718 460 1016 522 εοιεοεοτοοε

364 591 539 693 χαλάζης
571 589 711 688 νεφέλη
745 591 813 663 καὶ
836 594 1017 690 τρικυμία
1040 596 1214 694 χειμῦνος
1242 594 1294 680 εἱς

364 708 536 814 γαλήνην
547 762 559 801 ,
584 708 694 793 οὕτος
717 713 842 813 ἡσυχῆ
861 709 971 792 οῦτος
988 710 1177 808 ἀψοφητὶ,
1202 710 1292 784 ὅστε

360 831 407 901 τὸ
429 829 591 931 πρόγμα
614 829 811 931 αἰνίγματι
833 833 1097 924 προσεοικέναι.
1138 837 1192 904 Ων
1216 831 1292 934 γὰρ

363 943 611 1041 πολεμοῦντες
630 946 697 1016 οῦκ
713 946 990 1043 ἕκροὶτησαμεν,
1015 949 1168 1028 τούτους
1187 946 1293 1021 ὅπλα

362 1062 618 1160 παταθὲμενοι
638 1063 979 1164 παραστησόμεθα.
1015 1067 1092 1141 Καὶ
1115 1071 1202 1149 τέος
1224 1071 1291 1163 μὲν

362 1181 654 1283 ἠριθμοῦντου)
668 1185 757 1281 πρὸς
781 1185 937 1266 ὁπόσους
961 1183 1290 1284 παραταξόμεθα,

361 1307 426 1376 νῦν
461 1300 503 1376 ῦε
527 1299 760 1402 ἀριθμοῦμεν
789 1304 929 1373 ὁπόσον
958 1300 1122 1398 ἐσόμεθα
1157 1304 1289 1402 κύριοι.

361 1421 440 1496 Καὶ
455 1423 540 1492 τότε
563 1424 630 1516 μὲν
654 1416 961 1522 ἒδυσχεραίνομεν
986 1421 1018 1492 εἰ
1040 1419 1204 1513 πολλοὶ,
1227 1423 1292 1492 νῦν

364 1535 406 1612 δὲ
430 1539 720 1643 ἀγανακτοῦμεν
745 1539 778 1610 εἰ
801 1541 855 1634 μὴ
878 1535 1029 1612 πολλοὶ.

408 1664 524 1734 XXV.
536 1661 671 1733 Σκόπει
689 1661 811 1732 τοίνυν
823 1657 890 1757 ὅσῳ
901 1656 1293 1756 βασιλικότεροςΘεο-

364 1774 486 1863 δόσιος
497 1779 575 1860 τοῖς
585 1775 776 1866 λαπησασι
787 1773 1292 1877 προσήνεκται,ἢόΠελοπι’-

364 1894 432 1986 δης
441 1899 483 1969 τὲ
494 1893 748 1995 καὶΑτρείῦης
756 1895 823 1969 καὶ
836 1894 1047 1993 εῦροκρείσν
1059 1894 1292 1997 Αγαμέμνον

363 2014 628 2112 όπαρὈμηρρ.
637 2014 784 2096 Εκεῖνος
795 2016 950 2109 ἐπιτιμᾷ
961 2007 1207 2108 τὸνΑδελφόν
1215 2037 1292 2105 μα-

363 2129 594 2225 λασσόμενον
605 2133 695 2228 πρὸς
707 2134 770 2202 τὸν
782 2130 908 2218 ἱκέτην
921 2138 988 2218 (ο),
998 2129 1067 2201 καὶ
1078 2130 1216 2228 πικρόν
1227 2125 1293 2200 οῦ-

362 2242 1293 2352 τοςεῦχὴνπροσεῦγεταικαὶβαρβαρικὴν,μηδὲνα

361 2371 431 2440 τόν
448 2369 572 2467 Τρόον
590 2364 805 2473 διαφυγεῖν,
811 2363 899 2463 μηδ’
907 2364 1035 2439 ὅντινα
1044 2372 1203 2470 γαστέρι
1213 2365 1290 2461 μή·

362 2510 432 2582 τηρ
442 2489 574 2582 κοῦρον
586 2486 695 2558 ἐόντα
706 2491 832 2585 ρέρει,
849 2481 945 2581 μηδὲ
958 2489 1133 2558 τοσοῦτον
1148 2480 1289 2582 διαρο-

361 2608 455 2708 γεῖν,
468 2603 574 2676 ἀλλὰ
586 2604 653 2676 καὶ
665 2605 750 2687 τοῦς
761 2603 857 2676 οὔπα
866 2600 1072 2707 τεχθέντος
1079 2600 1292 2676 ἀπολέσθαι

362 2726 433 2822 πρὸ
449 2727 515 2796 τοῦ
538 2719 724 2827 γενέσθαι.
745 2723 865 2815 Ημεῖς
887 2718 929 2795 δὲ
953 2725 1043 2821 πρὸς
1064 2720 1291 2804 τοῦςὶκὲτας

362 2838 818 2941 παιδοτροφοῦμεναῦτῦν
841 2841 926 2922 τοὺς
949 2840 1076 2930 οἱοῦς,
1100 2838 1168 2913 καὶ
1196 2864 1292 2935 νομ-

362 2964 622 3060 (ροτροφοῦμεν
643 2960 710 3042 τὰς
729 2956 968 3061 θυγατέρας,
993 2961 1063 3060 οὐχ
1080 2959 1123 3040 ῦς
1140 2954 1291 3041 Σκύθας

361 3075 697 3173 μισοῦντεςῦλλ’ῦς
708 3075 921 3173 ἀνθρώπους
933 3071 1083 3174 φειδοῦς
1094 3074 1290 3158 ἀξιοῦντες.

360 3205 448 3301 Εχει
458 3195 855 3302 γὰροῦτος.οστιςμὲν
868 3193 959 3298 ἄχρι
970 3196 1108 3276 παντὸς
1120 3192 1293 3277 ἐπέξεισιν

363 3313 676 3412 αῦθαδισαμένοις
699 3318 777 3397 τοῖς
793 3311 1016 3413 βαρβάροις,
1033 3305 1141 3392 οὗτος
1158 3317 1291 3401 Ρομα-

361 3434 422 3506 ι’σν
435 3435 545 3529 μόνον
556 3432 855 3524 ἑαυτὸνβασιλέα
862 3433 969 3504 ποιεῖ.
982 3437 1093 3512 Οστις
1104 3424 1146 3500 δὲ
1157 3424 1293 3524 κρατεῖ

387 3695 424 3756 (ι)
447 3696 480 3740 Ιοι
504 3697 558 3742 eod.
591 3680 773 3754 η’ριθμοῦντο.
