3284 5054
1033 558 1074 620 77

389 673 618 745 THEMIS‘l'll
655 671 922 742 PHILOSOPHl

520 863 782 912 Pnooeulvu

310 1039 533 1102 ORATIONIS
554 1035 750 1098 FVNEBRIS
775 1035 817 1096 ΙΝ
839 1035 1010 1095 PATREM

236 1218 475 1287 ORATIONIS
511 1210 641 1282 nostrae
666 1238 796 1308 scopus
820 1240 893 1284 non
919 1235 973 1285 eat
996 1236 1122 1285 osten-

191 1338 279 1403 tatio
298 1354 333 1403 et
357 1356 511 1427 pompa,
536 1332 599 1400 sed
618 1335 656 1400 in
675 1353 859 1425 parentem
886 1336 1025 1426 pietas,
1043 1359 1123 1427 quae

191 1453 338 1545 quidem
364 1454 477 1518 maior
501 1452 718 1545 graviorque
742 1441 938 1533 videbitur,
955 1456 1125 1543 quoniam

188 1590 253 1635 voa
278 1565 459 1633 auditores
484 1565 609 1633 sortita
634 1583 699 1634 est.
727 1567 803 1633 Hoc
829 1567 926 1633 enim
943 1564 1124 1634 theatrum

189 1685 252 1750 uni
276 1684 402 1751 virtuti
418 1685 629 1779 contingere
651 1708 756 1778 posse
775 1684 1012 1754 existimatur.
1030 1685 1122 1752 larn-

188 1824 275 1872 vero
292 1802 496 1868 huiusmodi
521 1804 649 1869 concio
675 1804 920 1895 prolixitatem
937 1804 1011 1895 pati
1040 1806 1119 1896 ple·

188 1943 342 2012 rumque
368 1942 438 1986 non
464 1921 565 1988 solet.
591 1919 702 1989 Nobis
719 1944 805 1988 vero
831 1942 867 1989 et
891 1923 1030 2015 alioqui
1048 1946 1116 1990 ne-

193 2039 386 2106 cessarium
404 2056 459 2105 est
482 2062 554 2105 non
582 2062 660 2106 esse
685 2037 860 2106 verbosis.
885 2039 1010 2131 Neque
1026 2040 1124 2108 cuim

193 2158 251 2224 vel
279 2155 354 2222 ltaec
380 2159 522 2224 occasio
539 2157 645 2224 aliter
659 2157 758 2239 sinit,
767 2155 983 2224 breviorem⁴
998 2159 1118 2249 potius

192 2296 299 2365 quarn
316 2248 515 2368 longiorem
531 2275 717 2367 postulans
733 2274 987 2342 laudationem·
1004 2275 1119 2342 Stulta

192 2393 290 2458 enim
315 2411 369 2459 est
393 2416 436 2459 ea
470 2393 637 2460 funebria
672 2393 813 2474 oratio,
854 2417 931 2483 quae
957 2391 1121 2460 dolorem

190 2512 328 2600 pellere
363 2512 489 2577 nititur
526 2512 698 2601 temporis
723 2511 973 2578 diuturnitate.
1004 2510 1046 2576 Et
1084 2511 1123 2577 in

192 2626 429 2693 describenda
471 2628 617 2720 quidem
652 2630 812 2719 parentia
851 2630 926 2695 vita
982 2628 1123 2721 singula

191 2767 480 2837 persequemur3
519 2748 659 2838 siquam
709 2764 827 2814 tamen
874 2747 1123 2839 loquutionem

193 2887 212 2929 a
246 2883 366 2932 vetere
402 2864 484 2931 stilo
519 2864 704 2933 declinare
744 2866 934 2948 sentietis,
973 2890 1018 2933 ne
1056 2868 1124 2934 mi·

190 2983 335 3048 remini.
370 2983 521 3050 Difficile
556 2984 653 3050 enim
694 3003 748 3052 eat
788 3005 991 3051 accuratam
1014 3006 1131 3068 voca-¹

191 3097 361 3166 bulorum
385 3123 451 3168 noa
472 3102 628 3168 'servare
651 3103 849 3185 rationem,
875 3103 937 3194 qui
958 3102 1042 3168 huic
1067 3104 1124 3170 rei

191 3241 264 3284 non
281 3241 423 3310 semper
440 3218 650 3303 studuimus,
666 3220 727 3288 sed
745 3222 784 3287 in
810 3223 890 3289 aliie
910 3223 1124 3313 plerumque

194 3355 317 3406 curam
362 3340 629 3409 collocavimus.
681 3341 856 3410 Praeterea
903 3337 1124 3433 philosopho

229 3631 264 3699 (a)
283 3636 307 3678 ln
326 3640 427 3699 margine
447 3638 540 3684 Codicit
562 3640 671 3684 scribitur
687 3627 701 3682 ὁ
719 3622 869 3702 ἐπιτάφιος
886 3627 982 3700 λόγος·
