3284 5054
709 520 918 582 SUSCEPTA
1197 517 1235 577 63

367 720 370 726 .
397 661 522 732 XXIV.
547 661 650 755 Agite
673 681 791 739 nunc,
818 681 839 724 o
865 656 1021 724 Thraces
1058 674 1080 720 o
1114 636 1283 720 Macedo-

351 803 432 861 nes,
458 777 712 848 incredibilem
737 774 883 843 haurite
921 775 1041 842 auimo
1078 771 1284 841 admiratio-

350 922 454 966 nem:
479 895 628 987 Scythas
669 892 774 961 nobis
817 915 896 959 esse
932 888 1211 958 contubernales
1248 909 1286 958 et

353 1021 471 1086 socios
511 1037 548 1082 et
582 1012 771 1081 nobiscum
804 1009 977 1077 victorias
1018 1008 1063 1075 de
1102 1026 1286 1099 reportas

354 1135 553 1204 celebrare.
579 1128 823 1208 Nesciebant,
850 1145 888 1193 ut
906 1127 1052 1218 quidem
1070 1126 1231 1206 videtur,
1248 1126 1288 1194 in

357 1276 465 1345 quarn
482 1250 712 1318 clementiam
728 1244 932 1313 incidentes
957 1244 1095 1313 retibus
1120 1243 1287 1339 capiendi

359 1369 551 1439 ferentur
574 1368 644 1457 ipsi
670 1364 815 1457 quidem
834 1362 1135 1460 inexpugnabiles
1161 1365 1289 1442 Roma-

355 1488 414 1555 nis
455 1488 615 1554 nemum
640 1505 677 1551 et
701 1481 862 1551 Hebrum
898 1502 934 1551 et
970 1484 1150 1579 angustias
1175 1481 1291 1549 Thes-

359 1605 516 1684 salicas,
543 1625 631 1692 quas
656 1601 856 1694 petebant,
889 1618 1153 1694 pervaserunt3
1183 1598 1291 1668 dein-

361 1743 446 1812 ceps
472 1742 558 1789 vero
585 1719 663 1786 siue
687 1722 787 1814 gravi
812 1718 938 1787 labore
962 1719 1094 1787 divinis
1119 1717 1293 1812 quodam·

361 1838 467 1905 modo
493 1836 756 1906 munitionibus
792 1839 928 1930 pietate
964 1839 1103 1935 iustitia
1128 1860 1293 1906 mansue·

366 1956 494 2024 tudine
520 1955 743 2023 humanitate
777 1956 911 2024 irretiti
948 1933 1045 2026 sunt..
1063 1956 1166 2025 Exite
1196 1980 1292 2027 nunc

368 2076 505 2144 alacres
530 2099 551 2143 e
581 2075 764 2144 castellisr
789 2079 860 2145 iam
883 2075 1011 2162 decet,
1039 2077 1193 2148 desertis
1215 2099 1294 2148 tur-

362 2194 485 2288 ribus,
511 2193 620 2264 boum
646 2214 683 2264 et
706 2198 818 2265 aratri
850 2219 972 2265 curam
1003 2221 1130 2294 gerere
1169 2217 1205 2267 et
1227 2223 1293 2292 pro

363 2314 492 2409 gladiis
518 2334 553 2383 et
577 2316 705 2385 iaculis
739 2317 849 2385 falces
886 2340 1026 2387 acuere.
1059 2318 1159 2384 Patet
1197 2341 1294 2385 nunc

365 2450 402 2500 et
418 2432 621 2501 viatoribus
637 2452 751 2515 terra,
775 2457 894 2525 neque
921 2456 1009 2524 opus
1034 2451 1089 2500 est
1113 2434 1295 2502 maritimo

364 2551 496 2619 itinere
521 2553 600 2635 uti,
628 2575 738 2642 quum
768 2553 955 2620 terrestria
987 2569 1064 2618 tuta
1095 2553 1176 2619 sint.
1221 2554 1297 2619 Sta-

364 2665 452 2734 bula
485 2671 675 2764 eriguntur
710 2688 747 2738 et
779 2693 954 2762 equorum
984 2671 1156 2740 stationes
1180 2690 1216 2739 et
1241 2670 1296 2739 di·

290 2787 293 2794 '
366 2788 528 2854 versoria
552 2806 588 2855 et
617 2789 767 2882 antiquo
801 2791 876 2857 otio
918 2790 1154 2883 complentur.
1188 2791 1299 2861 Versa
1353 2871 1356 2879 ¹

370 2923 424 2972 est
447 2907 485 2973 in
514 2907 642 2976 sudum
666 2926 820 3002 repente
848 2928 920 2976 tarn
943 2909 1110 2979 nimbosa
1135 2912 1299 3004 procella

370 3076 1303 3106 Q

403 3146 438 3208 (a)
458 3147 537 3191 Codex
554 3147 624 3194 bibet
639 3142 702 3196 λεῶ.
720 3155 838 3200 Sedenim
852 3157 1019 3201 emendandum
1037 3143 1106 3200 ‘il-w
1122 3156 1213 3214 potavi,
1227 3167 1302 3200 sun·

373 3227 438 3289 plum
455 3240 547 3272 arentur
564 3229 591 3274 ll.
601 3231 712 3292 Stephani
727 3245 748 3279 st
765 3236 853 3282 l'stsrii
868 3241 909 3299 qui
925 3238 954 3282 sd
969 3237 1211 3282 ThmuriiOnt·1V·
1222 3251 1247 3295 P·
1260 3234 1299 3281 ⁵³·

371 3305 617 3358 &imminuendum
634 3328 786 3362 censuerunt:
807 3333 854 3380 quo
867 3323 923 3368 iren
940 3323 965 3364 in
992 3320 1045 3364 loco
1060 3322 1155 3362 miram·
1172 3331 1222 3360 tun
1244 3318 1303 3360 (¹⁰⁰⁸

372 3387 442 3435 «ion
459 3392 553 3436 eodr'ess
571 3393 735 3443 Ambrosianus
751 3413 816 3461 nque
847 3415 896 3447 ests
921 3409 1054 3461 comptor·
1075 3400 1133 3444 uter
1148 3401 1210 3444 onim
1234 3395 1305 3442 lubet

373 3477 446 3540 λιᾶ,
463 3490 520 3535 alter
538 3472 601 3534 λεῦ,

408 3580 442 3643 (s)
473 3584 532 3630 coa.
562 3570 634 3644 ἐμὰν.

407 3677 442 3741 (4)
473 3681 530 3726 eod.
560 3663 650 3740 εὖρον.

410 3759 446 3821 (5)
462 3762 587 3807 Videbatur
600 3763 731 3810 addendum
748 3751 835 3812 αῧτοῖ
854 3750 889 3811 dd
901 3765 965 3828 qnod
980 3781 994 3812 a
1009 3763 1097 3811 Codice
1112 3765 1184 3810 abest.

410 3851 446 3916 (⁶)
475 3855 534 3903 coa.
565 3842 640 3916 ipis.
