3284 5054
397 600 914 665 HEAVTONTIMORVMENOS‘
1028 618 1068 685 49

187 746 239 791 Aet.
281 743 320 789 8ο.
362 757 387 788 v·

466 856 620 949 culpam.
660 854 703 923 Et
743 870 782 920 tu
811 850 964 921 maxime
995 853 1119 947 culpa·

465 974 592 1058 beris,
631 973 662 1041 si
698 969 879 1040 iusticiam
913 996 1020 1069 agere
1053 997 1119 1043 vo·

465 1095 588 1163 lucris.

190 1214 247 1282 IV.
262 1215 294 1281 8.
319 1214 375 1281 28.
400 1211 459 1281 NE
498 1212 556 1278 TV
596 1210 863 1278 PROPEDIEM.
899 1210 1026 1278 Timeo
1073 1232 1119 1279 ne

469 1328 563 1396 forte
597 1329 764 1420 proximo
803 1344 993 1419 tempore,
1021 1328 1119 1421 quod

467 1445 573 1512 facile
598 1442 849 1536 ei'indulges,
880 1441 948 1511 filii
976 1445 1031 1511 tui
1056 1443 1119 1513 ad·

467 1581 578 1632 ventu
603 1560 787 1628 satureris.

200 1683 238 1747 V.
277 1703 307 1750 1.
332 1679 386 1774 69.
412 1680 476 1748 ME
503 1681 595 1747 ΜΕΑ
619 1679 767 1746 OMNIA
782 1673 903 1746 BONA
919 1679 1028 1776 DOTI
1052 1679 1118 1746 DI-

467 1799 589 1866 XlSSE
614 1797 712 1865 ILLI.
737 1797 813 1864 Hoc
832 1794 931 1864 ·ideo
973 1795 1121 1866 (licebat

462 1917 634 1985 videlicet
651 1966 660 1994 ,
679 1913 776 2007 quod
801 1918 921 1982 omnia
937 1939 1000 1983 sua
1017 1914 1120 1984 daret

464 2033 542 2103 filio
567 2035 665 2101 illius
691 2034 842 2115 cliniae,
868 2035 932 2125 qui
957 2034 1120 2125 Antiphi-

468 2156 542 2220 lam
565 2172 642 2221 erat
666 2151 864 2219 ducturus:
889 2153 1011 2220 volens
1046 2171 1119 2223 ter.-

468 2294 550 2338 rere
588 2268 700 2338 filium
740 2268 1014 2360 Clitiphonem,
1055 2272 1120 2362 qui

471 2406 597 2457 contra
626 2388 848 2456 voluntatem
881 2390 993 2480 patris
1028 2387 1117 2453 Bac·

473 2504 615 2574 chidem
639 2503 791 2572 amabat.
840 2567 844 2575 ,
876 2547 880 2557 ·

270 2649 299 2690 2.
351 2646 380 2692 1.
407 2623 566 2716 Clitipho
591 2626 707 2691 sciens
733 2621 803 2690 sibi
819 2624 951 2692 iratum
976 2640 1117 2715 patrem

470 2741 616 2811 dicebat
640 2765 771 2810 secum.

329 2859 383 2947 46.
410 2861 485 2929 NlL
512 2863 702 2931 GRATIAE
720 2860 853 2930 referat
883 2860 928 2928 de
953 2860 1010 2929 his
1035 2882 1115 2953 quae

468 3003 563 3047 nunc
602 3003 691 3076 ago,
731 2981 762 3048 si
801 2999 927 3074 postea
967 3002 1118 3050 uxorem

469 3097 620 3168 duxerit.

271 3233 302 3302 4.
331 3236 381 3282 10.
407 3214 562 3283 GERRO.
587 3217 698 3284 Gerra
723 3216 855 3285 dicitur
894 3218 1004 3310 piscis
1034 3218 1116 3286 nul-

469 3333 539 3399 lius
587 3336 725 3424 saporis
761 3355 832 3401 non
870 3353 972 3427 aptus
1012 3336 1117 3408 cibis.

467 3452 537 3519 Alii
561 3450 686 3520 dicunt
716 3474 819 3545 gerra
851 3453 1118 3525 machinamen-

472 3589 546 3636 tum
563 3568 752 3652 bellicum,
773 3592 846 3662 quo
863 3571 1044 3664 quondam
1062 3573 1119 3642 usi

473 3708 556 3760 sunt
592 3690 741 3762 Romani
782 3688 827 3758 ad
863 3691 1118 3788 expugnando·

1015 3926 1033 3972 d
