3284 5054
567 527 601 567 to
877 502 1072 568 EDITORIS

520 636 587 699 Etsi
609 639 691 697 euius
713 642 844 718 proprie
865 641 994 700 Graeoiu-
1008 613 1131 698 afliciunt
1152 640 1277 699 dicendi
1299 640 1380 710 fuit,
1402 651 1448 700 tn-

487 770 493 783 ·
520 753 594 793 mea
627 748 657 790 ot
688 734 758 793 tna
792 736 1009 793 disertissimis
1030 737 1108 793 viris
1136 735 1322 795 abundavit.
1347 734 1451 795 inimo

522 830 636 887 sciona
656 828 811 888 facundiae
833 849 933 906 genus
955 842 1109 888 nostrates
1138 833 1232 888 etism
1256 832 1317 887 viri
1339 834 1449 892 dedita

522 940 621 1000 opera
644 924 801 980 interdum
824 923 964 981 aemuiuti
987 939 1081 989 suot,
1103 942 1183 1002 quos
1205 925 1289 980 inter
1312 923 1450 986 Horrea·

523 1018 588 1077 sius
611 1031 689 1074 teste
709 1020 895 1095 gravissimo
912 1016 1067 1073 Cicerone
1091 1015 1156 1093 (t)t
1176 1020 1210 1076 Si
1224 1023 1380 1094 quoerimus
1395 1038 1450 1079 cut·

520 1111 693 1172 adolescens
707 1114 798 1191 magis
807 1111 949 1189 floruerit
970 1111 1099 1170 dicendo
1115 1130 1205 1190 quam
1215 1116 1450 1174 seniorHorten·

519 1208 594 1265 sius:
607 1223 714 1265 causas
729 1210 907 1286 reperiemus
916 1211 1089 1266 verissimas
1103 1209 1195 1266 ciuus:
1210 1212 1356 1285 primum,
1368 1207 1450 1286 quod

514 1319 605 1382 genus
616 1317 682 1360 erat
692 1303 841 1360 orationis
851 1304 1011 1361 asiaticum
1021 1342 1031 1370 ‚
1043 1303 1260 1362 adolescentia
1272 1305 1368 1378 magis
1378 1323 1451 1364 con·

490 1424 494 1431 ·
517 1415 653 1466 cetrum.
672 1420 762 1476 quam
781 1407 936 1461 senectuti.
965 1399 1030 1460 Isim
1043 1403 1123 1461 idem
1138 1401 1297 1460 Cicerodo
1316 1403 1449 1461 asiatico

518 1491 592 1551 stilo
605 1495 647 1550 nit
671 1494 735 1572 (ἡκ
760 1496 889 1555 Tertium
901 1509 946 1553 est
961 1512 1053 1570 genus
1068 1497 1102 1553 in
1117 1513 1176 1571 quo
1187 1493 1324 1572 fuerunt
1332 1490 1448 1570 [ratres

518 1587 583 1651 iili.
604 1592 795 1649 asiaticarum
816 1593 968 1649 rhetorum
984 1594 1155 1671 principes,
1176 1589 1331 1650 Hierocles
1343 1601 1373 1648 et
1388 1589 1449 1650 Mc·

517 1682 640 1751 nectes,
659 1688 779 1743 minime
800 1704 868 1744 mea
888 1698 1041 1743 sententia
1062 1685 1448 1746 communitatum

513 1750 539 1836 'a
552 1776 655 1850 forma
685 1782 821 1838 veritatis
853 1792 883 1838 et
911 1776 950 1834 ab
983 1779 1145 1839 Atticorum
1178 1781 1284 1858 regula
1316 1777 1449 1854 obsunt,

516 1887 616 1932 tanton
637 1872 695 1929 hou
714 1879 818 1932 vitium
839 1887 1033 1953 compensant
1055 1877 1104 1932 vei
1118 1873 1274 1951 facultate
1287 1875 1446 1954 oetcopta.
1536 1874 1542 1884 “

516 1967 590 2045 Ipse
611 1967 718 2025 Cicero
738 1969 818 2025 artis
838 1989 904 2026 suae
930 1987 1025 2026 cauta
1049 1990 1081 2025 tn
1102 1968 1210 2028 Asiam
1246 1966 1305 2025 sihi
1337 1969 1447 2029 iuveni

517 2067 803 2143 peregrinandum,
827 2065 961 2145 eiusque
983 2079 1122 2124 oratores
1150 2066 1328 2123 audiendos
1362 2066 1447 2124 iudi·

518 2162 613 2218 cavit.
635 2159 706 2216 Post
726 2181 747 2219 a
767 2178 838 2230 mc,
861 2160 969 2238 inquit
992 2157 1060 2234 (3).
1081 2164 1154 2218 Asia
1185 2171 1250 2218 tota
1278 2173 1448 2236 peragrata

519 2267 572 2317 cst.
591 2272 659 2311 cum
678 2261 798 2314 summit
818 2256 938 2333 quidem
959 2254 1149 2319 oratoribus,
1167 2251 1340 2330 quibuscum
1360 2270 1446 2312 exer·

516 2349 606 2411 eebor
626 2350 698 2428 ipsis
720 2350 909 2415 lubentibus,
930 2366 1053 2427 quorum
1076 2361 1143 2403 crat
1161 2351 1305 2425 princeps
1332 2346 1447 2424 Menip-

512 2459 571 2526 pus
592 2445 846 2513 Stratonicensis,
868 2462 933 2501 meo
954 2440 1069 2501 iudicio
1090 2455 1155 2500 tota
1175 2443 1248 2501 Asia
1280 2439 1341 2500 tuis
1372 2453 1449 2498 tcm-

511 2541 634 2620 poribur
649 2540 870 2600 disertissimus.
889 2539 1138 2616 Quadringentis
1159 2551 1265 2594 autem
1282 2547 1356 2613 post
1372 2532 1449 2592 Tul·

515 2634 593 2693 lium
616 2637 728 2706 annis,
750 2656 821 2694 cum
844 2650 929 2694 certo
950 2640 1033 2711 apud
1057 2634 1181 2689 Atticos
1195 2626 1252 2686 ilts
1270 2645 1360 2688 vetus
1383 2627 1448 2686 elo·

515 2730 645 2808 quentia
669 2728 764 2806 plene
785 2731 985 2811 conciderat,
1011 2723 1091 2783 nihil
1114 2725 1181 2782 fere
1205 2738 1271 2781 tois
1294 2725 1367 2780 Asta
1390 2723 1446 2780 im·

514 2840 566 2880 mo
588 2834 617 2877 et
637 2819 757 2880 Gracia
778 2821 936 2880 celebrius
954 2819 1131 2879 Themistio
1153 2817 1228 2874 suit.
1250 2816 1356 2892 Quare
1372 2819 1399 2879 is
1413 2830 1444 2876 ct

514 2939 534 2978 s
552 2915 734 2995 Principum
756 2918 973 2981 munificentia
996 2917 1129 2974 summis
1153 2915 1291 2992 prumtis
1311 2911 1445 2975 affectat

510 3013 574 3072 soit
595 3027 625 3070 et
646 3011 888 3084 splendidorum
911 3016 1004 3072 etiarn
1029 3029 1200 3069 munerum
1222 3006 1336 3067 infulis
1351 3025 1447 3069 exor-

512 3119 615 3165 natas.
648 3103 740 3175 Nunc
763 3127 819 3186 ego
844 3120 879 3163 ut
914 3105 1015 3164 verba
1046 3109 1085 3164 ud
1108 3106 1335 3182 compendium
1365 3120 1440 3159 coa·

510 3200 633 3272 sersui3
656 3203 681 3258 si
704 3202 878 3276 perspicuo
899 3201 926 3257 si
949 3203 1081 3278 copioso
1105 3205 1129 3265 ci
1153 3201 1280 3260 erudite
1301 3200 1328 3256 si
1349 3213 1443 3254 oritu-

512 3308 545 3355 ιε
565 3296 664 3352 verba
686 3295 807 3362 secem
828 3298 855 3354 ti
878 3309 1031 3374 praeteres
1054 3295 1136 3355 nihil
1160 3298 1281 3356 habere
1298 3289 1441 3349 mollitias

510 3406 567 3449 nec
589 3391 801 3466 ineptiarum,
825 3389 957 3467 perfecti
980 3395 1104 3467 generis
1126 3391 1257 3457 ototorii
1273 3400 1333 3452 ott,
1350 3384 1439 3444 The·

501 3472 651 3546 ¹mistiam
673 3492 723 3545 uio
745 3488 778 3545 io
800 3491 997 3566 optimorum
1019 3502 1184 3548 oratorum
1205 3485 1281 3543 floro
1298 3481 1430 3542 voturi.

543 3697 579 3757 (t)
596 3697 623 3739 In
641 3696 713 3740 Bruto
731 3698 786 3756 Cup.
807 3706 863 3741 xcv.

542 3777 577 3840 (2)
599 3778 685 3822 orator
701 3779 755 3837 Cap.
773 3787 839 3821 Lm.

543 3862 578 3923 (3)
595 3862 623 3904 la
640 3858 714 3904 Bruto
733 3863 786 3920 Cep.
803 3868 854 3905 xci.
