3284 5054
594 505 634 574 6⁶
919 507 1114 570 PHORMIO'

550 655 602 703 Ast.
643 652 682 698 es.
723 664 748 696 v.

549 771 607 844 lv.
638 788 670 835 ο.
722 790 751 835 ι.
773 766 966 836 Revertens
1007 764 1096 832 Geta
1134 783 1155 829 r
1192 759 1408 830 Phormione
1433 761 1479 832 ad

830 906 937 976 quem
962 884 1054 949 ierat
1077 881 1268 947 eonsilium
1288 903 1420 973 capere
1434 881 1479 949 de

829 1018 1002 1097 argento,
1027 997 1257 1091 loquebatur.

625 1126 657 1194 3.
703 1117 1044 1213 47.1NMENTEM
1084 1115 1191 1184 EIVS.
1229 1112 1356 1186 Phanii
1392 1115 1481 1210 quid

827 1238 862 1306 ei
886 1254 1028 1327 poterat
1066 1237 1235 1315 evenire,
1267 1236 1297 1302 si
1324 1234 1482 1304 traderet

791 1336 797 1345 ⁶
826 1356 925 1424 illem
952 1352 1100 1421 diciori:
1123 1352 1295 1421 videlicet
1321 1377 1366 1421 ne
1392 1378 1481 1445 pau·

834 1497 954 1567 porem
981 1473 1018 1539 in
1045 1474 1253 1540 servitutem
1278 1471 1471 1566 redigeret.

690 1614 745 1690 49.
770 1595 850 1665 SED
888 1592 1000 1659 MlHl·
1029 1591 1138 1659 OPVS
1172 1591 1298 1659 ERAT.
1337 1590 1371 1656 δι
1406 1612 1472 1659 ne·

827 1731 925 1779 cesse
951 1724 1052 1789 erat,
1078 1708 1167 1775 mihi
1184 1709 1292 1776 talem
1306 1706 1480 1776 ducerem

827 1852 904 1922 quae
931 1826 1030 1897 mihi.
1044 1847 1187 1894 causam
1201 1827 1296 1896 dotis
1314 1828 1481 1913 afferret,

826 1947 921 2016 unde
945 1945 1066 2015 debita
1095 1968 1170 2012 mea
1196 1948 1454 2037 persolverem.

628 2089 660 2158 4.
686 2083 740 2159 24‘.
764 2069 861 2136 ILLE
887 2065 992 2133 lsrls
1016 2063 1201 2131 REDDET.
1235 2064 1396 2133 Phaedria
1423 2065 1477 2134 le·

825 2185 913 2253 noni
939 2201 976 2252 et
1000 2182 1140 2274 puellae.
1170 2182 1231 2250 Vel
1263 2183 1340 2250 istis
1382 2183 1479 2251 seni-

827 2304 906 2374 bus.
930 2304 1011 2371 Haec
1036 2300 1149 2370 verba
1181 2304 1346 2393 superius
1381 2301 1479 2370 dicta

774 2424 777 2429 ’
824 2422 945 2492 reddit
974 2420 1143 2490 Phormio
1168 2440 1208 2489 ut
1224 2419 1371 2489 deludat
1389 2439 1479 2490 tem·

774 2590 778 2598 ,
826 2564 904 2635 pus.

629 2663 663 2731 5.
711 2685 739 2729 1.
764 2660 989 2729 Chremetem
1013 2656 1208 2749 alloquitur
1225 2654 1403 2746 Demipho
1423 2655 1478 2722 di·

825 2798 909 2842 cens
934 2799 972 2843 se
997 2798 1069 2842 noo
1106 2773 1272 2840 daturum
1309 2774 1386 2842 sine
1423 2791 1477 2843 te·

827 2891 947 2959 stibus
967 2910 1164 2986 argentum.

711 3035 744 3103 7.
759 3010 826 3080 'VT
855 3010 1111 3078 CONVENlAT
1146 3011 1277 3082 HANG.
1312 3010 1472 3080 Puellam

829 3127 1048 3220 Antiphonis·
1066 3146 1172 3222 stque
1197 3128 1410 3223 persuadeat
1438 3143 1479 3193 ut

825 3248 955 3317 mulier
1001 3269 1046 3314 ne
1080 3247 1311 3317 exhorrescat
1362 3243 1475 3312 Phor·

828 3371 994 3438 mionem.

559 3486 600 3556 V.
627 3510 655 3559 1·
706 3511 735 3559 r.
758 3487 943 3581 Sophrona
978 3488 1098 3555 nutrix
1128 3483 1256 3553 Pharii
1286 3497 1467 3565 metuens,

824 3629 870 3672 ne
895 3606 988 3672 sorte
1028 3623 1127 3696 pater
1150 3601 1248 3670 illius
1279 3601 1314 3668 ei
1341 3599 1472 3668 malum

823 3723 994 3806 inferret,
1018 3743 1063 3791 eo
1085 3718 1184 3818 quod
1221 3719 1350 3792 filiam·
1370 3719 1472 3790 illius
