<?xml version="1.0" encoding="UTF-8"?>
<!DOCTYPE html PUBLIC "-//W3C//DTD XHTML 1.0 Transitional//EN"
    "http://www.w3.org/TR/xhtml1/DTD/xhtml1-transitional.dtd">
<html xmlns="http://www.w3.org/1999/xhtml" xml:lang="en" lang="en">
 <head>
  <title>
</title>
<meta http-equiv="Content-Type" content="text/html;charset=utf-8" />
  <meta name='ocr-system' content='tesseract 3.04.00' />
  <meta name='ocr-capabilities' content='ocr_page ocr_carea ocr_par ocr_line ocrx_word'/>
</head>
<body>
  <div class='ocr_page' id='page_1' title='image "./fragmentainedit00maigoog/fragmentainedit00maigoog_0178.png"; bbox 0 0 3284 5054; ppageno 0'>
   <div class='ocr_carea' id='block_1_1' title="bbox 538 512 1079 588">
    <p class='ocr_par' dir='ltr' id='par_1_1' title="bbox 538 512 1079 588">
     <span class='ocr_line' id='line_1_1' title="bbox 538 512 1079 588; baseline -0.007 -15"><span class='ocrx_word' id='word_1_1' title='bbox 538 512 746 574; x_wconf 72' lang='lat' dir='ltr'>suscense</span> <span class='ocrx_word' id='word_1_2' title='bbox 1034 512 1079 588; x_wconf 74' lang='lat'>³7²</span> 
     </span>
    </p>
   </div>
   <div class='ocr_carea' id='block_1_2' title="bbox 172 656 1119 1113">
    <p class='ocr_par' dir='ltr' id='par_1_2' title="bbox 172 656 1119 1113">
     <span class='ocr_line' id='line_1_2' title="bbox 185 656 1117 750; baseline -0.003 -23"><span class='ocrx_word' id='word_1_3' title='bbox 185 679 238 729; x_wconf 86' lang='lat' dir='ltr'>est</span> <span class='ocrx_word' id='word_1_4' title='bbox 254 661 350 728; x_wconf 92' lang='lat' dir='ltr'>enim</span> <span class='ocrx_word' id='word_1_5' title='bbox 369 680 449 726; x_wconf 89' lang='lat' dir='ltr'>cum</span> <span class='ocrx_word' id='word_1_6' title='bbox 467 682 567 750; x_wconf 77' lang='lat' dir='ltr'>eque</span> <span class='ocrx_word' id='word_1_7' title='bbox 581 656 819 750; x_wconf 77' lang='lat' dir='ltr'>sapientibus,</span> <span class='ocrx_word' id='word_1_8' title='bbox 832 679 904 723; x_wconf 92' lang='lat' dir='ltr'>non</span> <span class='ocrx_word' id='word_1_9' title='bbox 918 679 998 723; x_wconf 91' lang='lat' dir='ltr'>oum</span> <span class='ocrx_word' id='word_1_10' title='bbox 1016 680 1117 747; x_wconf 77' lang='lat' dir='ltr'>teque</span> 
     </span>
     <span class='ocr_line' id='line_1_3' title="bbox 185 771 1119 869; baseline -0.004 -22"><span class='ocrx_word' id='word_1_11' title='bbox 185 780 329 847; x_wconf 90' lang='lat' dir='ltr'>indutis.</span> <span class='ocrx_word' id='word_1_12' title='bbox 343 781 467 869; x_wconf 86' lang='lat' dir='ltr'>Itaque</span> <span class='ocrx_word' id='word_1_13' title='bbox 481 780 571 846; x_wconf 83' lang='lat' dir='ltr'>tanti</span> <span class='ocrx_word' id='word_1_14' title='bbox 589 779 818 869; x_wconf 85' lang='lat' dir='ltr'>Imperatoris</span> <span class='ocrx_word' id='word_1_15' title='bbox 832 776 898 844; x_wconf 86' lang='lat' dir='ltr'>tihi</span> <span class='ocrx_word' id='word_1_16' title='bbox 913 771 1119 868; x_wconf 72' lang='lat' dir='ltr'>exemplum</span> 
     </span>
     <span class='ocr_line' id='line_1_4' title="bbox 186 896 1119 992; baseline -0.006 -23"><span class='ocrx_word' id='word_1_17' title='bbox 186 896 357 981; x_wconf 73' lang='lat' dir='ltr'>sufficiat,</span> <span class='ocrx_word' id='word_1_18' title='bbox 394 904 465 992; x_wconf 79' lang='lat' dir='ltr'>qud</span> <span class='ocrx_word' id='word_1_19' title='bbox 489 902 612 969; x_wconf 88' lang='lat' dir='ltr'>virtuti</span> <span class='ocrx_word' id='word_1_20' title='bbox 640 900 792 967; x_wconf 84' lang='lat' dir='ltr'>studeas</span> <span class='ocrx_word' id='word_1_21' title='bbox 809 923 880 965; x_wconf 90' lang='lat' dir='ltr'>non</span> <span class='ocrx_word' id='word_1_22' title='bbox 917 900 1053 992; x_wconf 74' lang='lat' dir='ltr'>ignavae</span> <span class='ocrx_word' id='word_1_23' title='bbox 1082 913 1119 963; x_wconf 88' lang='lat' dir='ltr'>et</span> 
     </span>
     <span class='ocr_line' id='line_1_5' title="bbox 172 1017 1117 1113; baseline -0.006 -26"><span class='ocrx_word' id='word_1_24' title='bbox 172 1022 308 1102; x_wconf 71' lang='lat' dir='ltr'>⁸otiosae</span> <span class='ocrx_word' id='word_1_25' title='bbox 335 1020 395 1087; x_wconf 92' lang='lat' dir='ltr'>vel</span> <span class='ocrx_word' id='word_1_26' title='bbox 412 1043 490 1110; x_wconf 84' lang='lat' dir='ltr'>quae</span> <span class='ocrx_word' id='word_1_27' title='bbox 508 1017 713 1113; x_wconf 71' lang='lat' dir='ltr'><strong>obsignatas</strong></span> <span class='ocrx_word' id='word_1_28' title='bbox 738 1017 953 1109; x_wconf 76' lang='lat' dir='ltr'>qutestiones</span> <span class='ocrx_word' id='word_1_29' title='bbox 978 1034 1013 1082; x_wconf 90' lang='lat' dir='ltr'>et</span> <span class='ocrx_word' id='word_1_30' title='bbox 1031 1038 1117 1105; x_wconf 87' lang='lat' dir='ltr'>pro-</span> 
     </span>
    </p>
   </div>
   <div class='ocr_carea' id='block_1_3' title="bbox 183 1125 1251 1233">
    <p class='ocr_par' dir='ltr' id='par_1_3' title="bbox 183 1125 1251 1233">
     <span class='ocr_line' id='line_1_6' title="bbox 183 1125 1251 1233; baseline -0.007 -28"><span class='ocrx_word' id='word_1_31' title='bbox 183 1136 384 1233; x_wconf 77' lang='lat' dir='ltr'>positiones</span> <span class='ocrx_word' id='word_1_32' title='bbox 410 1140 591 1228; x_wconf 76' lang='lat' dir='ltr'><strong>explicet,</strong></span> <span class='ocrx_word' id='word_1_33' title='bbox 628 1136 689 1205; x_wconf 90' lang='lat' dir='ltr'>sed</span> <span class='ocrx_word' id='word_1_34' title='bbox 716 1138 749 1202; x_wconf 80' lang='lat' dir='ltr'>ei</span> <span class='ocrx_word' id='word_1_35' title='bbox 775 1161 854 1228; x_wconf 83' lang='lat' dir='ltr'>quae</span> <span class='ocrx_word' id='word_1_36' title='bbox 889 1127 999 1227; x_wconf 83' lang='lat' dir='ltr'>opera</span> <span class='ocrx_word' id='word_1_37' title='bbox 1022 1125 1149 1225; x_wconf 47' lang='lat' dir='ltr'>quo?</span> <span class='ocrx_word' id='word_1_38' title='bbox 1244 1140 1251 1151; x_wconf 86' lang='lat'><strong><em>‘</em></strong></span> 
     </span>
    </p>
   </div>
   <div class='ocr_carea' id='block_1_4' title="bbox 184 1255 1121 2890">
    <p class='ocr_par' dir='ltr' id='par_1_4' title="bbox 184 1255 1121 2057">
     <span class='ocr_line' id='line_1_7' title="bbox 185 1255 1117 1347; baseline -0.003 -23"><span class='ocrx_word' id='word_1_39' title='bbox 185 1257 321 1324; x_wconf 85' lang='lat' dir='ltr'>tidiana</span> <span class='ocrx_word' id='word_1_40' title='bbox 340 1256 537 1324; x_wconf 89' lang='lat' dir='ltr'>secundom</span> <span class='ocrx_word' id='word_1_41' title='bbox 558 1255 757 1325; x_wconf 76' lang='lat' dir='ltr'>Academiae</span> <span class='ocrx_word' id='word_1_42' title='bbox 776 1274 955 1347; x_wconf 75' lang='lat' dir='ltr'>precepta</span> <span class='ocrx_word' id='word_1_43' title='bbox 982 1274 1117 1324; x_wconf 68' lang='lat' dir='ltr'>exerat.</span> 
     </span>
     <span class='ocr_line' id='line_1_8' title="bbox 184 1374 1118 1466; baseline -0.003 -21"><span class='ocrx_word' id='word_1_44' title='bbox 184 1377 306 1445; x_wconf 85' lang='lat' dir='ltr'>Iamne</span> <span class='ocrx_word' id='word_1_45' title='bbox 345 1375 463 1456; x_wconf 76' lang='lat' dir='ltr'>dices,</span> <span class='ocrx_word' id='word_1_46' title='bbox 495 1375 706 1466; x_wconf 70' lang='lat' dir='ltr'>prefecturzl</span> <span class='ocrx_word' id='word_1_47' title='bbox 731 1377 878 1466; x_wconf 71' lang='lat' dir='ltr'>recepti</span> <span class='ocrx_word' id='word_1_48' title='bbox 905 1374 1118 1461; x_wconf 74' lang='lat' dir='ltr'>Callipolis,</span> 
     </span>
     <span class='ocr_line' id='line_1_9' title="bbox 184 1492 1118 1586; baseline 0.001 -27"><span class='ocrx_word' id='word_1_49' title='bbox 184 1493 303 1561; x_wconf 86' lang='lat' dir='ltr'>mede</span> <span class='ocrx_word' id='word_1_50' title='bbox 322 1494 452 1559; x_wconf 93' lang='lat' dir='ltr'>mentis</span> <span class='ocrx_word' id='word_1_51' title='bbox 471 1494 658 1584; x_wconf 88' lang='lat' dir='ltr'>proposito</span> <span class='ocrx_word' id='word_1_52' title='bbox 676 1492 888 1561; x_wconf 74' lang='lat' dir='ltr'>decessisse?</span> <span class='ocrx_word' id='word_1_53' title='bbox 904 1494 1029 1586; x_wconf 85' lang='lat' dir='ltr'>Siquid</span> <span class='ocrx_word' id='word_1_54' title='bbox 1048 1495 1118 1561; x_wconf 83' lang='lat' dir='ltr'>feci</span> 
     </span>
     <span class='ocr_line' id='line_1_10' title="bbox 185 1606 1120 1703; baseline 0.005 -27"><span class='ocrx_word' id='word_1_55' title='bbox 185 1630 316 1702; x_wconf 71' lang='lat' dir='ltr'>preter</span> <span class='ocrx_word' id='word_1_56' title='bbox 343 1611 541 1679; x_wconf 74' lang='lat' dir='ltr'>Academias</span> <span class='ocrx_word' id='word_1_57' title='bbox 568 1613 794 1703; x_wconf 55' lang='lat' dir='ltr'>prescriptoq</span> <span class='ocrx_word' id='word_1_58' title='bbox 819 1606 1032 1680; x_wconf 81' lang='lat' dir='ltr'>sententiam</span> <span class='ocrx_word' id='word_1_59' title='bbox 1050 1613 1120 1681; x_wconf 91' lang='lat' dir='ltr'>im-</span> 
     </span>
     <span class='ocr_line' id='line_1_11' title="bbox 189 1727 1121 1824; baseline 0.002 -29"><span class='ocrx_word' id='word_1_60' title='bbox 189 1729 346 1806; x_wconf 74' lang='lat' dir='ltr'>mutavi3</span> <span class='ocrx_word' id='word_1_61' title='bbox 377 1732 431 1796; x_wconf 92' lang='lat' dir='ltr'>sin</span> <span class='ocrx_word' id='word_1_62' title='bbox 458 1731 597 1797; x_wconf 80' lang='lat' dir='ltr'>cunetis</span> <span class='ocrx_word' id='word_1_63' title='bbox 622 1730 699 1796; x_wconf 86' lang='lat' dir='ltr'>eins</span> <span class='ocrx_word' id='word_1_64' title='bbox 725 1729 864 1824; x_wconf 82' lang='lat' dir='ltr'>legibus</span> <span class='ocrx_word' id='word_1_65' title='bbox 890 1727 1022 1822; x_wconf 64' lang='lat' dir='ltr'>patui,</span> <span class='ocrx_word' id='word_1_66' title='bbox 1045 1752 1121 1797; x_wconf 89' lang='lat' dir='ltr'>non</span> 
     </span>
     <span class='ocr_line' id='line_1_12' title="bbox 185 1846 1119 1941; baseline 0.003 -28"><span class='ocrx_word' id='word_1_67' title='bbox 185 1871 205 1913; x_wconf 90' lang='lat' dir='ltr'>e</span> <span class='ocrx_word' id='word_1_68' title='bbox 249 1846 394 1941; x_wconf 78' lang='lat' dir='ltr'>fastigio</span> <span class='ocrx_word' id='word_1_69' title='bbox 430 1873 487 1915; x_wconf 88' lang='lat' dir='ltr'>me</span> <span class='ocrx_word' id='word_1_70' title='bbox 530 1849 657 1917; x_wconf 89' lang='lat' dir='ltr'>demisi</span> <span class='ocrx_word' id='word_1_71' title='bbox 688 1901 697 1932; x_wconf 83' lang='grc'><em>,</em></span> <span class='ocrx_word' id='word_1_72' title='bbox 734 1873 755 1916; x_wconf 95' lang='lat' dir='ltr'>o</span> <span class='ocrx_word' id='word_1_73' title='bbox 791 1849 914 1932; x_wconf 75' lang='lat' dir='ltr'>bone,</span> <span class='ocrx_word' id='word_1_74' title='bbox 955 1848 1018 1916; x_wconf 89' lang='lat' dir='ltr'>sed</span> <span class='ocrx_word' id='word_1_75' title='bbox 1052 1871 1119 1941; x_wconf 90' lang='lat' dir='ltr'>per</span> 
     </span>
     <span class='ocr_line' id='line_1_13' title="bbox 191 1965 506 2057; baseline 0.019 -27"><span class='ocrx_word' id='word_1_76' title='bbox 191 1965 337 2057; x_wconf 86' lang='lat' dir='ltr'>planum</span> <span class='ocrx_word' id='word_1_77' title='bbox 364 1968 506 2037; x_wconf 89' lang='lat' dir='ltr'>incessi.</span> 
     </span>
    </p>

    <p class='ocr_par' dir='ltr' id='par_1_5' title="bbox 184 2083 1121 2890">
     <span class='ocr_line' id='line_1_14' title="bbox 232 2083 1119 2180; baseline 0.007 -32"><span class='ocrx_word' id='word_1_78' title='bbox 232 2083 275 2149; x_wconf 90' lang='lat' dir='ltr'>X.</span> <span class='ocrx_word' id='word_1_79' title='bbox 303 2084 430 2175; x_wconf 83' lang='lat' dir='ltr'><strong>Neque</strong></span> <span class='ocrx_word' id='word_1_80' title='bbox 457 2088 553 2153; x_wconf 87' lang='lat' dir='ltr'>enim</span> <span class='ocrx_word' id='word_1_81' title='bbox 576 2088 844 2180; x_wconf 84' lang='lat' dir='ltr'>philosophiam</span> <span class='ocrx_word' id='word_1_82' title='bbox 872 2087 1031 2155; x_wconf 88' lang='lat' dir='ltr'>deseruit</span> <span class='ocrx_word' id='word_1_83' title='bbox 1055 2089 1119 2156; x_wconf 91' lang='lat' dir='ltr'>So-</span> 
     </span>
     <span class='ocr_line' id='line_1_15' title="bbox 188 2204 1121 2299; baseline 0.006 -32"><span class='ocrx_word' id='word_1_84' title='bbox 188 2220 306 2268; x_wconf 79' lang='lat' dir='ltr'>crates</span> <span class='ocrx_word' id='word_1_85' title='bbox 334 2226 415 2270; x_wconf 89' lang='lat' dir='ltr'>cum</span> <span class='ocrx_word' id='word_1_86' title='bbox 442 2206 612 2295; x_wconf 74' lang='lat' dir='ltr'>prytanin</span> <span class='ocrx_word' id='word_1_87' title='bbox 648 2209 721 2299; x_wconf 71' lang='lat' dir='ltr'>egit</span> <span class='ocrx_word' id='word_1_88' title='bbox 746 2206 923 2274; x_wconf 86' lang='lat' dir='ltr'>Athenis:</span> <span class='ocrx_word' id='word_1_89' title='bbox 959 2204 1121 2275; x_wconf 88' lang='lat' dir='ltr'>inhibuit</span> 
     </span>
     <span class='ocr_line' id='line_1_16' title="bbox 191 2303 1118 2419; baseline 0.005 -32"><span class='ocrx_word' id='word_1_90' title='bbox 191 2321 291 2387; x_wconf 84' lang='lat' dir='ltr'>enim</span> <span class='ocrx_word' id='word_1_91' title='bbox 318 2303 463 2419; x_wconf 64' lang='lat' dir='ltr'>triginta</span> <span class='ocrx_word' id='word_1_92' title='bbox 489 2325 685 2395; x_wconf 85' lang='lat' dir='ltr'>Tvrunnos.</span> <span class='ocrx_word' id='word_1_93' title='bbox 714 2326 839 2417; x_wconf 88' lang='lat' dir='ltr'>Neque</span> <span class='ocrx_word' id='word_1_94' title='bbox 863 2349 985 2392; x_wconf 86' lang='lat' dir='ltr'>rursus</span> <span class='ocrx_word' id='word_1_95' title='bbox 1010 2320 1118 2392; x_wconf 57' lang='lat' dir='ltr'>nobiss</span> 
     </span>
     <span class='ocr_line' id='line_1_17' title="bbox 190 2439 1121 2533; baseline 0.006 -30"><span class='ocrx_word' id='word_1_96' title='bbox 190 2439 465 2530; x_wconf 57' lang='lat' dir='ltr'>lis‘Xenophon</span> <span class='ocrx_word' id='word_1_97' title='bbox 490 2441 757 2533; x_wconf 84' lang='lat' dir='ltr'>philosophiam</span> <span class='ocrx_word' id='word_1_98' title='bbox 782 2444 918 2510; x_wconf 87' lang='lat' dir='ltr'>dimisit</span> <span class='ocrx_word' id='word_1_99' title='bbox 949 2466 1029 2510; x_wconf 88' lang='lat' dir='ltr'>cum</span> <span class='ocrx_word' id='word_1_100' title='bbox 1056 2442 1121 2509; x_wconf 91' lang='lat' dir='ltr'>de-</span> 
     </span>
     <span class='ocr_line' id='line_1_18' title="bbox 191 2560 1120 2650; baseline 0.001 -25"><span class='ocrx_word' id='word_1_101' title='bbox 191 2565 269 2625; x_wconf 80' lang='lat' dir='ltr'>&#39;cem</span> <span class='ocrx_word' id='word_1_102' title='bbox 294 2560 447 2626; x_wconf 91' lang='lat' dir='ltr'>millium</span> <span class='ocrx_word' id='word_1_103' title='bbox 472 2560 543 2626; x_wconf 72' lang='lat' dir='ltr'>dux</span> <span class='ocrx_word' id='word_1_104' title='bbox 570 2560 659 2628; x_wconf 84' lang='lat' dir='ltr'>fuit:</span> <span class='ocrx_word' id='word_1_105' title='bbox 683 2560 729 2627; x_wconf 83' lang='lat' dir='ltr'>ab</span> <span class='ocrx_word' id='word_1_106' title='bbox 748 2562 917 2628; x_wconf 86' lang='lat' dir='ltr'>extremis</span> <span class='ocrx_word' id='word_1_107' title='bbox 944 2561 1037 2626; x_wconf 87' lang='lat' dir='ltr'>enim</span> <span class='ocrx_word' id='word_1_108' title='bbox 1058 2560 1120 2650; x_wconf 83' lang='lat' dir='ltr'>pe·</span> 
     </span>
     <span class='ocr_line' id='line_1_19' title="bbox 190 2674 1120 2770; baseline 0.005 -29"><span class='ocrx_word' id='word_1_109' title='bbox 190 2674 316 2741; x_wconf 87' lang='lat' dir='ltr'>riculis</span> <span class='ocrx_word' id='word_1_110' title='bbox 347 2678 490 2744; x_wconf 83' lang='lat' dir='ltr'>Graecos</span> <span class='ocrx_word' id='word_1_111' title='bbox 520 2680 687 2745; x_wconf 85' lang='lat' dir='ltr'>servavit.</span> <span class='ocrx_word' id='word_1_112' title='bbox 714 2679 839 2770; x_wconf 88' lang='lat' dir='ltr'>Neque</span> <span class='ocrx_word' id='word_1_113' title='bbox 865 2680 952 2748; x_wconf 88' lang='lat' dir='ltr'>item</span> <span class='ocrx_word' id='word_1_114' title='bbox 978 2681 1120 2746; x_wconf 81' lang='lat' dir='ltr'>Parme-</span> 
     </span>
     <span class='ocr_line' id='line_1_20' title="bbox 184 2790 1118 2890; baseline 0.009 -33"><span class='ocrx_word' id='word_1_115' title='bbox 184 2790 287 2859; x_wconf 78' lang='lat' dir='ltr'>nides</span> <span class='ocrx_word' id='word_1_116' title='bbox 306 2816 386 2860; x_wconf 90' lang='lat' dir='ltr'>cum</span> <span class='ocrx_word' id='word_1_117' title='bbox 404 2796 503 2890; x_wconf 82' lang='lat' dir='ltr'>leges</span> <span class='ocrx_word' id='word_1_118' title='bbox 521 2798 686 2866; x_wconf 84' lang='lat' dir='ltr'>condidit</span> <span class='ocrx_word' id='word_1_119' title='bbox 700 2800 813 2867; x_wconf 85' lang='lat' dir='ltr'>Italis:</span> <span class='ocrx_word' id='word_1_120' title='bbox 828 2798 933 2866; x_wconf 90' lang='lat' dir='ltr'>bonis</span> <span class='ocrx_word' id='word_1_121' title='bbox 946 2794 1042 2865; x_wconf 90' lang='lat' dir='ltr'>enim</span> <span class='ocrx_word' id='word_1_122' title='bbox 1060 2798 1118 2865; x_wconf 67' lang='lat' dir='ltr'>in·</span> 
     </span>
    </p>
   </div>
   <div class='ocr_carea' id='block_1_5' title="bbox 184 2911 1117 3009">
    <p class='ocr_par' dir='ltr' id='par_1_6' title="bbox 184 2911 1117 3009">
     <span class='ocr_line' id='line_1_21' title="bbox 184 2911 1117 3009; baseline 0.008 -34"><span class='ocrx_word' id='word_1_123' title='bbox 184 2911 432 2978; x_wconf 85' lang='lat' dir='ltr'>stitutionibus</span> <span class='ocrx_word' id='word_1_124' title='bbox 451 2939 610 3009; x_wconf 68' lang='lat' dir='ltr'>magnam</span> <span class='ocrx_word' id='word_1_125' title='bbox 629 2921 802 2987; x_wconf 82' lang='lat' dir='ltr'>Graeciam</span> <span class='ocrx_word' id='word_1_126' title='bbox 822 2920 996 3005; x_wconf 89' lang='lat' dir='ltr'>implevit.</span> <span class='ocrx_word' id='word_1_127' title='bbox 1014 2919 1117 2985; x_wconf 85' lang='lat' dir='ltr'>Nune</span> 
     </span>
    </p>
   </div>
   <div class='ocr_carea' id='block_1_6' title="bbox 183 3094 1122 3724">
    <p class='ocr_par' dir='ltr' id='par_1_7' title="bbox 217 3094 780 3167">
     <span class='ocr_line' id='line_1_22' title="bbox 217 3094 780 3167; baseline -0.005 -16"><span class='ocrx_word' id='word_1_128' title='bbox 217 3102 252 3167; x_wconf 83' lang='lat'>(3)</span> <span class='ocrx_word' id='word_1_129' title='bbox 268 3104 302 3148; x_wconf 79' lang='lat' dir='ltr'>Its</span> <span class='ocrx_word' id='word_1_130' title='bbox 318 3103 377 3149; x_wconf 81' lang='lat' dir='ltr'>(lod.</span> <span class='ocrx_word' id='word_1_131' title='bbox 402 3097 469 3159; x_wconf 78' lang='grc' dir='ltr'><strong><em>τοῖς.</em></strong></span> <span class='ocrx_word' id='word_1_132' title='bbox 493 3103 573 3149; x_wconf 81' lang='lat' dir='ltr'>ldslim</span> <span class='ocrx_word' id='word_1_133' title='bbox 588 3109 688 3151; x_wconf 72' lang='lat' dir='ltr'>scribere</span> <span class='ocrx_word' id='word_1_134' title='bbox 706 3094 780 3159; x_wconf 67' lang='grc' dir='ltr'><strong>τοῧς.</strong></span> 
     </span>
    </p>

    <p class='ocr_par' dir='ltr' id='par_1_8' title="bbox 183 3181 1122 3724">
     <span class='ocr_line' id='line_1_23' title="bbox 219 3181 1116 3249; baseline -0.003 -21"><span class='ocrx_word' id='word_1_135' title='bbox 219 3183 254 3244; x_wconf 65' lang='grc'>(4)</span> <span class='ocrx_word' id='word_1_136' title='bbox 272 3185 415 3230; x_wconf 70' lang='lat' dir='ltr'>Parmenides</span> <span class='ocrx_word' id='word_1_137' title='bbox 432 3185 493 3229; x_wconf 67' lang='lat' dir='ltr'>Eleae</span> <span class='ocrx_word' id='word_1_138' title='bbox 510 3201 549 3231; x_wconf 87' lang='lat' dir='ltr'>seu</span> <span class='ocrx_word' id='word_1_139' title='bbox 569 3188 656 3237; x_wconf 67' lang='lat' dir='ltr'>Velia,</span> <span class='ocrx_word' id='word_1_140' title='bbox 684 3202 736 3249; x_wconf 69' lang='lat' dir='ltr'>qua</span> <span class='ocrx_word' id='word_1_141' title='bbox 760 3187 805 3230; x_wconf 88' lang='lat' dir='ltr'>l&#39;uit</span> <span class='ocrx_word' id='word_1_142' title='bbox 823 3182 929 3228; x_wconf 76' lang='lat' dir='ltr'>ansnin</span> <span class='ocrx_word' id='word_1_143' title='bbox 945 3181 1017 3233; x_wconf 78' lang='lat' dir='ltr'>urbs,</span> <span class='ocrx_word' id='word_1_144' title='bbox 1034 3189 1116 3237; x_wconf 77' lang='lat' dir='ltr'>ortos,</span> 
     </span>
     <span class='ocr_line' id='line_1_24' title="bbox 186 3259 1122 3327; baseline -0.006 -16"><span class='ocrx_word' id='word_1_145' title='bbox 186 3273 210 3311; x_wconf 81' lang='lat' dir='ltr'>et</span> <span class='ocrx_word' id='word_1_146' title='bbox 227 3265 289 3327; x_wconf 75' lang='lat' dir='ltr'>intes·</span> <span class='ocrx_word' id='word_1_147' title='bbox 306 3265 413 3311; x_wconf 73' lang='lat' dir='ltr'>Blestic·</span> <span class='ocrx_word' id='word_1_148' title='bbox 430 3277 496 3311; x_wconf 71' lang='lat' dir='ltr'>sset·</span> <span class='ocrx_word' id='word_1_149' title='bbox 512 3268 617 3311; x_wconf 79' lang='lat' dir='ltr'>doetoses</span> <span class='ocrx_word' id='word_1_150' title='bbox 635 3269 687 3310; x_wconf 80' lang='lat' dir='ltr'>setis</span> <span class='ocrx_word' id='word_1_151' title='bbox 704 3266 819 3312; x_wconf 70' lang='lat' dir='ltr'>celebris,</span> <span class='ocrx_word' id='word_1_152' title='bbox 837 3262 927 3311; x_wconf 75' lang='lat' dir='ltr'>floruit,</span> <span class='ocrx_word' id='word_1_153' title='bbox 942 3269 1001 3305; x_wconf 86' lang='lat' dir='ltr'>teste</span> <span class='ocrx_word' id='word_1_154' title='bbox 1011 3259 1122 3316; x_wconf 66' lang='lat' dir='ltr'>hesitio,¹</span> 
     </span>
     <span class='ocr_line' id='line_1_25' title="bbox 183 3342 1118 3410; baseline -0.004 -20"><span class='ocrx_word' id='word_1_155' title='bbox 183 3348 245 3390; x_wconf 82' lang='lat' dir='ltr'>siros</span> <span class='ocrx_word' id='word_1_156' title='bbox 261 3347 420 3407; x_wconf 71' lang='lat' dir='ltr'>Olympisdem</span> <span class='ocrx_word' id='word_1_157' title='bbox 444 3356 509 3391; x_wconf 76' lang='lat' dir='ltr'>uu.</span> <span class='ocrx_word' id='word_1_158' title='bbox 531 3349 556 3391; x_wconf 91' lang='lat' dir='ltr'>id</span> <span class='ocrx_word' id='word_1_159' title='bbox 574 3357 616 3410; x_wconf 78' lang='lat' dir='ltr'>¹est</span> <span class='ocrx_word' id='word_1_160' title='bbox 641 3351 776 3408; x_wconf 68' lang='lat' dir='ltr'>quingentis</span> <span class='ocrx_word' id='word_1_161' title='bbox 795 3349 888 3391; x_wconf 80' lang='lat' dir='ltr'>eirenes</span> <span class='ocrx_word' id='word_1_162' title='bbox 908 3357 961 3386; x_wconf 77' lang='lat' dir='ltr'>ente</span> <span class='ocrx_word' id='word_1_163' title='bbox 978 3342 1021 3387; x_wconf 83' lang='lat' dir='ltr'>eh.</span> <span class='ocrx_word' id='word_1_164' title='bbox 1042 3344 1118 3386; x_wconf 83' lang='lat' dir='ltr'>souis.</span> 
     </span>
     <span class='ocr_line' id='line_1_26' title="bbox 186 3420 1119 3488; baseline -0.001 -20"><span class='ocrx_word' id='word_1_165' title='bbox 186 3424 289 3471; x_wconf 76' lang='lat' dir='ltr'>lensero</span> <span class='ocrx_word' id='word_1_166' title='bbox 317 3427 377 3488; x_wconf 67' lang='lat' dir='ltr'>leges</span> <span class='ocrx_word' id='word_1_167' title='bbox 395 3429 423 3471; x_wconf 87' lang='lat' dir='ltr'>sb</span> <span class='ocrx_word' id='word_1_168' title='bbox 440 3443 468 3471; x_wconf 86' lang='lat' dir='ltr'>eo</span> <span class='ocrx_word' id='word_1_169' title='bbox 485 3429 580 3484; x_wconf 77' lang='lat' dir='ltr'>seripsss</span> <span class='ocrx_word' id='word_1_170' title='bbox 598 3428 690 3470; x_wconf 75' lang='lat' dir='ltr'>civibus</span> <span class='ocrx_word' id='word_1_171' title='bbox 708 3426 803 3486; x_wconf 79' lang='lat' dir='ltr'>quidem</span> <span class='ocrx_word' id='word_1_172' title='bbox 822 3427 869 3468; x_wconf 88' lang='lat' dir='ltr'>suis</span> <span class='ocrx_word' id='word_1_173' title='bbox 886 3425 992 3468; x_wconf 76' lang='lat' dir='ltr'>dixemus</span> <span class='ocrx_word' id='word_1_174' title='bbox 1014 3420 1119 3467; x_wconf 79' lang='lat' dir='ltr'>Lseetins</span> 
     </span>
     <span class='ocr_line' id='line_1_27' title="bbox 185 3502 1115 3569; baseline -0.011 -17"><span class='ocrx_word' id='word_1_175' title='bbox 185 3522 213 3552; x_wconf 75' lang='lat' dir='ltr'>ex</span> <span class='ocrx_word' id='word_1_176' title='bbox 229 3509 358 3569; x_wconf 67' lang='lat' dir='ltr'>Speusippo</span> <span class='ocrx_word' id='word_1_177' title='bbox 383 3516 406 3551; x_wconf 85' lang='lat' dir='ltr'>et</span> <span class='ocrx_word' id='word_1_178' title='bbox 423 3509 555 3552; x_wconf 80' lang='lat' dir='ltr'>l’lntseehus</span> <span class='ocrx_word' id='word_1_179' title='bbox 573 3517 652 3551; x_wconf 79' lang='lat' dir='ltr'>contra</span> <span class='ocrx_word' id='word_1_180' title='bbox 671 3505 771 3551; x_wconf 67' lang='lat' dir='ltr'>ctorem</span> <span class='ocrx_word' id='word_1_181' title='bbox 789 3505 799 3563; x_wconf 67' lang='lat' dir='ltr'>l</span> <span class='ocrx_word' id='word_1_182' title='bbox 812 3505 870 3548; x_wconf 79' lang='lat' dir='ltr'>edit.</span> <span class='ocrx_word' id='word_1_183' title='bbox 888 3504 958 3546; x_wconf 81' lang='lat' dir='ltr'>Peris-</span> <span class='ocrx_word' id='word_1_184' title='bbox 985 3517 1021 3546; x_wconf 86' lang='lat' dir='ltr'>sn·</span> <span class='ocrx_word' id='word_1_185' title='bbox 1045 3502 1115 3557; x_wconf 72' lang='lat'>1624.</span> 
     </span>
     <span class='ocr_line' id='line_1_28' title="bbox 187 3583 1118 3648; baseline -0.003 -20"><span class='ocrx_word' id='word_1_186' title='bbox 187 3584 213 3628; x_wconf 78' lang='lat' dir='ltr'>T.</span> <span class='ocrx_word' id='word_1_187' title='bbox 224 3599 246 3628; x_wconf 62' lang='grc' dir='ltr'>ε.</span> <span class='ocrx_word' id='word_1_188' title='bbox 255 3602 277 3643; x_wconf 90' lang='lat' dir='ltr'>p.</span> <span class='ocrx_word' id='word_1_189' title='bbox 291 3586 379 3648; x_wconf 70' lang='lat'>1126.)</span> <span class='ocrx_word' id='word_1_190' title='bbox 397 3590 439 3647; x_wconf 87' lang='lat' dir='ltr'>qni</span> <span class='ocrx_word' id='word_1_191' title='bbox 457 3587 528 3631; x_wconf 75' lang='lat' dir='ltr'>addit.</span> <span class='ocrx_word' id='word_1_192' title='bbox 539 3588 601 3630; x_wconf 80' lang='lat' dir='ltr'>cives</span> <span class='ocrx_word' id='word_1_193' title='bbox 618 3585 707 3631; x_wconf 79' lang='lat' dir='ltr'>Elestes</span> <span class='ocrx_word' id='word_1_194' title='bbox 725 3585 849 3646; x_wconf 78' lang='lat' dir='ltr'>quotennis</span> <span class='ocrx_word' id='word_1_195' title='bbox 864 3590 978 3626; x_wconf 82' lang='lat' dir='ltr'>eosetoss</span> <span class='ocrx_word' id='word_1_196' title='bbox 995 3583 1118 3642; x_wconf 73' lang='lat' dir='ltr'>megistu-</span> 
     </span>
     <span class='ocr_line' id='line_1_29' title="bbox 185 3661 1117 3724; baseline -0.001 -21"><span class='ocrx_word' id='word_1_197' title='bbox 185 3662 249 3704; x_wconf 88' lang='lat' dir='ltr'>tilsus</span> <span class='ocrx_word' id='word_1_198' title='bbox 268 3664 342 3707; x_wconf 77' lang='lat' dir='ltr'>inesse</span> <span class='ocrx_word' id='word_1_199' title='bbox 360 3665 385 3707; x_wconf 83' lang='lat' dir='ltr'>in</span> <span class='ocrx_word' id='word_1_200' title='bbox 404 3665 543 3709; x_wconf 78' lang='lat' dir='ltr'>Psmenldis</span> <span class='ocrx_word' id='word_1_201' title='bbox 561 3663 705 3724; x_wconf 73' lang='lat' dir='ltr'>legesllnoe</span> <span class='ocrx_word' id='word_1_202' title='bbox 722 3661 863 3705; x_wconf 80' lang='lat' dir='ltr'>Themistisss</span> <span class='ocrx_word' id='word_1_203' title='bbox 890 3663 951 3724; x_wconf 76' lang='lat' dir='ltr'>leges</span> <span class='ocrx_word' id='word_1_204' title='bbox 976 3661 1117 3708; x_wconf 67' lang='lat' dir='ltr'>sementen</span> 
     </span>
    </p>
   </div>
   <div class='ocr_carea' id='block_1_7' title="bbox 185 3741 912 3806">
    <p class='ocr_par' dir='ltr' id='par_1_9' title="bbox 185 3741 912 3806">
     <span class='ocr_line' id='line_1_30' title="bbox 185 3741 912 3806; baseline -0.001 -22"><span class='ocrx_word' id='word_1_205' title='bbox 185 3741 215 3784; x_wconf 91' lang='lat' dir='ltr'>sd</span> <span class='ocrx_word' id='word_1_206' title='bbox 237 3742 368 3787; x_wconf 79' lang='lat' dir='ltr'>universam</span> <span class='ocrx_word' id='word_1_207' title='bbox 384 3758 488 3806; x_wconf 71' lang='lat' dir='ltr'>sssgnens</span> <span class='ocrx_word' id='word_1_208' title='bbox 504 3743 615 3800; x_wconf 71' lang='lat' dir='ltr'>cretius</span> <span class='ocrx_word' id='word_1_209' title='bbox 631 3745 772 3803; x_wconf 71' lang='lat' dir='ltr'>pertinuisse</span> <span class='ocrx_word' id='word_1_210' title='bbox 787 3743 855 3787; x_wconf 83' lang='lat' dir='ltr'>testis</span> <span class='ocrx_word' id='word_1_211' title='bbox 871 3750 912 3786; x_wconf 88' lang='lat' dir='ltr'>est.</span> 
     </span>
    </p>
   </div>
   <div class='ocr_carea' id='block_1_8' title="bbox 0 0 1651 5054">
    <p class='ocr_par' dir='ltr' id='par_1_10' title="bbox 0 0 1651 5054">
     <span class='ocr_line' id='line_1_31' title="bbox 0 0 1651 5054; baseline 0 0"><span class='ocrx_word' id='word_1_212' title='bbox 0 0 1651 5054; x_wconf 95' lang='lat' dir='ltr'> </span> 
     </span>
    </p>
   </div>
  </div>
 </body>
</html>
