3284 5054
698 507 930 571 euaurtrro
1209 526 1242 567 ι,
1365 482 1371 494 ’

358 640 558 722 expugnavi,
578 640 759 701 varaieuloa
778 642 928 703 videlicet
948 637 1074 720 aliquoa
1095 657 1167 699 eum
1189 640 1290 699 trium
1311 676 1315 683 ·

356 756 565 816 personarum
588 736 772 795 nominibus
796 751 827 794 et
847 739 941 796 initio
960 756 1074 797 acenua·
1099 733 1289 796 Ceterorum

358 837 442 892 euim
488 833 721 892 diaiunctorum
767 833 938 892 verborum
972 834 1027 895 rix
1066 832 1107 889 ad
1144 827 1290 908 aliquem

357 930 496 990 fructum
519 930 675 987 redundat
697 929 836 1006 adeptio.

395 1025 427 1082 V.
449 1023 620 1101 Reliquam
643 1022 748 1083 Plauti
771 1025 935 1084 materiem
951 1020 1120 1104 Sibyllinis
1149 1018 1234 1079 soliia
1254 1020 1288 1078 in
1329 1047 1384 1092 Qun
1406 1045 1427 1083 r„
1448 1047 1484 1086 n..

356 1122 468 1180 codiee
490 1118 761 1198 perturbatiorem
783 1122 924 1197 primum
946 1120 1075 1196 quidem
1108 1116 1142 1173 iu
1170 1128 1289 1172 rectam
1300 1100 1490 1199 ξξζζξξῆξζῗῖζ

358 1219 471 1275 aeriem
499 1217 609 1295 coegi,
639 1228 677 1271 ut
708 1229 865 1293 quantum
898 1214 1047 1273 carminia
1080 1221 1289 1288 eupereaaet,

356 1328 512 1391 quantum
535 1313 611 1368 item
633 1313 780 1380 uacaret,
804 1327 1035 1387 cognoscerem·
1061 1306 1132 1364 Mox
1153 1304 1289 1362 inedito·

354 1423 482 1474 verane,
502 1420 666 1482 quotquot
688 1405 766 1462 milri
788 1404 1027 1464 occurrebant.
1052 1413 1201 1460 accurate
1231 1418 1288 1458 ex·

355 1502 538 1580 cernebam.
552 1500 621 1558 Etai
634 1515 742 1558 autem
758 1499 936 1578 proaertim
955 1499 988 1554 iu
1006 1494 1186 1553 Cistellaria
1207 1493 1287 1552 ube·

352 1617 420 1656 rem
442 1598 678 1676 incognitorum
702 1611 851 1652 veranum
874 1606 1006 1671 segetem
1030 1589 1216 1657 encrensi,
1236 1608 1289 1646 co·

355 1696 416 1753 (lex
438 1705 550 1751 tamen
573 1688 820 1768 profundiaaima
841 1686 1027 1754 interlitua‚
1050 1682 1287 1762 pinguiaaimia·

356 1808 421 1868 que
435 1788 601 1865 acripturre
611 1785 743 1845 alteriue
758 1782 907 1842 ductibua
919 1782 1071 1848 obrutus,
1086 1781 1171 1837 carie
1186 1779 1287 1838 etiam

355 1900 484 1949 exeam,
507 1883 666 1939 iucensam
694 1880 831 1960 legentis
853 1878 1063 1956 cupiditatem
1093 1873 1285 1953 pierumque

354 1977 483 2039 delueit.
499 1976 609 2037 Plurea
623 1978 717 2036 etiam
734 1976 887 2036 lectionea
904 1977 1007 2037 variaa
1023 1974 1188 2042 notabam,
1210 1969 1286 2029 licet

355 2092 422 2132 eam
440 2087 582 2151 apertum
600 2071 716 2130 fusiori
738 2072 827 2149 operi
848 2073 1072 2131 reservandam
1093 2067 1285 2129 censuerim.

353 2166 425 2226 alia
444 2180 603 2244 postremo
616 2166 718 2236 multa
734 2165 1031 2234 animadvertebam,
1046 2185 1118 2244 quaa
1129 2169 1166 2224 nd
1180 2163 1287 2223 Plauti

354 2262 496 2320 criticem
521 2280 714 2341 magnopere
735 2264 925 2322 eonferuota
948 2281 1052 2340 eaque
1069 2260 1082 2338 (
1098 2270 1135 2318 ne
1149 2261 1202 2319 hic
1218 2277 1288 2319 om·

352 2362 404 2419 nia
428 2362 460 2419 in
480 2375 680 2420 anteeeaaum
702 2363 805 2420 dicam
819 2365 831 2441 )
844 2361 979 2422 libellua
1002 2373 1111 2420 noater
1131 2357 1287 2417 auiaiocie

354 2460 531 2518 exhibebit.
553 2458 637 2519 illud
659 2462 834 2539 generatim
856 2480 993 2533 moneo,
1015 2479 1101 2539 arcpe
1120 2476 1232 2519 veraua
1253 2458 1288 2520 iu

353 2554 462 2610 codice
478 2556 517 2612 ad
533 2551 629 2620 aliar.
645 2576 739 2635 quam
757 2559 790 2615 in
805 2558 999 2616 editionibua
1015 2554 1183 2622 marcuit,
1198 2550 1284 2630 legen

352 2649 502 2707 metricae
516 2650 619 2728 exigi,
631 2651 749 2710 multoe
764 2655 803 2711 de
818 2651 889 2712 ioco
902 2653 1114 2720 commoveri,
1127 2670 1191 2708 uon
1206 2668 1285 2725 peu·

354 2758 408 2798 cca
426 2741 520 2801 etiam
541 2748 754 2820 praetermitti.
777 2747 925 2825 Denique
941 2766 1042 2826 quum
1059 2744 1190 2823 plurimi
1207 2740 1283 2801 olim
1303 2743 1492 2836 nfflflffij

354 2833 558 2898 Grammatici
589 2838 734 2900 Plautum
767 2842 872 2900 doctia
900 2838 1181 2900 lucubrationibua
1209 2835 1468 2896 illu-ennodium

355 2932 547 3002 amaverint,
569 2953 627 3011 ego
649 2935 807 2993 ineditum
831 2938 1060 3017 Argumentum
1082 2927 1227 2991 Peeurloli
1243 2930 1288 2988 sa·

355 3020 459 3082 liciter
479 3025 604 3098 detexi,
624 3029 806 3087 minoribua
826 3032 941 3110 utique
961 3029 1213 3104 rudioribueque
1234 3024 1288 3082 lit·

355 3120 451 3187 teria,
473 3123 528 3179 aed
547 3133 654 3181 tamen
668 3128 798 3204 antiqua
816 3146 924 3195 manu,
937 3127 970 3184 in
986 3127 1096 3183 eodem
1111 3120 1287 3199 palimpae·

355 3227 403 3272 ato
438 3232 614 3276 excretum.
652 3219 755 3299 Atque
787 3222 856 3280 hare
892 3221 992 3281 ferme
1014 3234 1124 3288 erant,
1154 3237 1226 3294 quae
1247 3218 1287 3275 de

354 3315 447 3372 ucria
462 3313 568 3375 Plauti
586 3312 781 3395 Fragmentia
797 3316 960 3393 proesnndu
976 3335 1044 3373 eaae
1058 3310 1287 3372 eaiatimabam.

390 3405 444 3464 vl.
480 3408 569 3466 Alter
590 3407 697 3469 letinae
719 3411 881 3469 comoedrre
901 3410 982 3475 flua,
1018 3424 1054 3466 ut
1083 3427 1195 3468 omnen
1231 3425 1288 3465 no·
1312 3434 1464 3478 marn...

354 3514 445 3572 runt,
468 3500 729 3575 Terentinum,
755 3521 773 3561 u
800 3502 874 3561 etilo
905 3501 1057 3561 Plautino
1086 3522 1162 3561 anne
1184 3503 1287 3560 diver·

355 3614 426 3654 eoae
462 3615 533 3655 nam
565 3611 594 3655 et
629 3601 842 3667 comicorum,
877 3613 912 3655 ut
946 3600 1031 3676 apud
1063 3598 1206 3667 Graeca,
1239 3597 1286 3653 aie

354 3691 439 3767 apud
473 3689 599 3750 Latinoa
631 3705 707 3751 aunt
743 3691 827 3750 factu
866 3694 1013 3750 divortia.
1058 3691 1118 3749 Hic
1154 3691 1286 3769 quidem

356 3785 528 3846 comoediaa
548 3803 614 3846 nou
630 3787 705 3848 aatie
719 3786 858 3867 ridente·
879 3799 937 3845 aut
957 3785 1110 3847 acurrilee
1133 3785 1284 3863 aeri-pait‚
