3284 5054
388 664 928 750 ORATIONIS

491 887 831 947 incvunuuviu
870 865 875 875 ’

239 1454 473 1599 'Cissim
498 1523 646 1591 extincti
666 1521 820 1614 Nepotes
838 1545 883 1590 ex
895 1523 1005 1594 fratre
1022 1526 1126 1593 here·

197 1650 346 1718 dientem
364 1648 444 1712 iure
462 1643 645 1739 sanguinis
670 1642 770 1711 adire
787 1643 930 1711 'volunn
956 1646 1127 1712 Fntsntur

199 1785 337 1843 antem,
365 1780 617 1831 testamentum
641 1761 739 1856 quod
763 1779 889 1831 contra
919 1764 1016 1854 ipsos
1041 1785 1126 1854 pro·

197 1886 320 1952 ferunt
343 1881 559 1950 Pherenicus
597 1899 634 1950 et
669 1883 789 1955 Simon
820 1899 857 1949 et
884 1881 1126 1974 Posidippns‚

198 2002 385 2070 eonditum
409 2000 556 2093 quidem
581 2023 712 2070 revers
734 1999 846 2097 fuisse
870 2018 906 2068 et
932 1998 1026 2093 apud
1051 2023 1128 2067 ms·

196 2122 367 2217 gistratus
392 2118 617 2212 depositum3
641 2141 767 2187 verum
796 2118 833 2196 id
862 2119 994 2187 factum
1026 2119 1128 2187 siunt

197 2264 242 2309 ex
265 2238 351 2307 odio
372 2239 411 2305 in
427 2238 569 2305 Diuism
593 2254 798 2336 curatorem
818 2260 939 2321 snum,
956 2237 1126 2331 idemque
1160 2260 1163 2282 ¹

195 2359 354 2429 voluisse
371 2357 607 2445 Cleonymum
624 2354 817 2450 abrogare,
835 2356 923 2439 nisi,
938 2379 1020 2429 cum
1041 2356 1127 2424 aedi-

196 2479 267 2547 lem
307 2456 536 2555 arcessebat,
572 2491 724 2565 repente
765 2491 859 2541 esset
893 2475 1127 2557 exanimatus.

196 2599 307 2666 Aiunt
342 2611 538 2686 praeteres,
574 2590 809 2682 Polyarchum
850 2615 954 2689 avum
995 2615 1127 2685 suum,

196 2734 336 2808 patrem
351 2713 549 2801 Cleonymi‚
567 2710 725 2791 iussisse,
743 2726 783 2776 ut
797 2709 918 2802 siquid
932 2708 1129 2777 humanum

197 2831 394 2921 Cleonymo
428 2828 632 2910 accideret,
667 2827 768 2919 boun¹
802 2826 888 2922 ipsis
918 2829 964 2898 sb
987 2820 1034 2898 'eo
1062 2829 1129 2896 tri·

195 2948 408 3017 buerentnr.
426 2948 545 3017 Cuusae
569 2966 681 3016 status
703 2945 868 3016 finitione
879 2946 1024 3041 'duplici
1041 2970 1129 3015 con·

197 3071 360 3147 sinetur,
385 3084 492 3157 prout
515 3065 585 3154 fert
609 3069 867 3136 controversis.
892 3066 1129 3162 Litignntinm

197 3187 294 3252 enim
312 3205 394 3276 pars
412 3184 530 3250 alters
543 3183 681 3252 tubulus
699 3185 786 3251 olim
804 3183 968 3251 conditas
992 3200 1129 3250 tuetur:

199 3302 314 3368 altera
332 3323 419 3370 vern
437 3299 638 3386 contendit,
655 3302 888 3391 Cleonymum
912 3321 971 3366 ens
993 3301 1129 3368 rescin-

198 3418 307 3487 dendi
333 3442 438 3488 causa
463 3419 693 3488 arcessivisse
721 3419 980 3516 mugistrstum3
1004 3437 1040 3487 et
1063 3443 1129 3513 pu·

198 3539 341 3609 strenuis
364 3538 525 3610 eiusdem
551 3537 738 3628 Cleonymi
760 3535 871 3632 gestis
895 3537 1075 3607 innititur.

1014 3844 1030 3881 2
