3284 5054
600 494 788 557 nostran
850 560 853 566 ,
1080 495 1119 555 55

226 645 277 687 Art.
318 642 356 685 8ο.
399 654 424 683 v.

226 757 336 826 1V.5.
391 777 417 822 ι.
443 753 548 822 Mitio
574 756 768 822 Sostratam
793 752 866 817 iam
905 768 1040 819 certam
1074 750 1157 820 red·

504 873 645 940 diderat
672 871 767 964 quod
787 869 970 938 AEsehinus
994 871 1164 964 Pamphi·

417 1052 420 1058 .
506 994 579 1060 lani
606 1015 670 1084 per
695 991 880 1067 silentium
916 990 1093 1071 duceret,
1117 991 1166 1059 si·

504 1113 653 1202 mulque
678 1108 891 1178 hortabatur
909 1110 1006 1177 illam
1032 1131 1163 1202 parare

507 1255 550 1299 ea
578 1254 654 1323 quae
681 1230 725 1297 ad
752 1231 898 1323 nuptias
925 1229 1119 1322 pertinent.

306 1347 339 1417 6.
391 1370 420 1416 r.
445 1351 581 1419 Demea
616 1370 804 1419 revertens
844 1351 890 1418 ab
929 1350 1165 1440 inquisitione

507 1469 630 1535 fratris
655 1469 710 1535 sui
736 1467 882 1536 delusus
899 1490 919 1535 a
935 1470 1024 1557 Syro
1043 1488 1165 1533 seeum

505 1586 734 1678 loquebatur.

247 1705 285 1770 V.
317 1726 347 1770 1.
400 1725 428 1770 1.
453 1705 560 1794 Syrus
596 1723 694 1773 satur
729 1706 876 1773 effeetus
911 1701 1165 1799 egrediebatur
1198 1792 1201 1801 Ι

507 1824 604 1892 foras
617 1825 714 1893 laetus
727 1823 850 1892 dicens
863 1824 906 1892 ad
920 1825 1164 1916 semetipsum:

507 1966 574 2036 per
611 1944 802 2012 Dominum
841 1947 1021 2013 Pollucem
1061 1965 1160 2010 more

386 2156 389 2160 ι
509 2062 589 2151 Syri
615 2081 649 2132 te
674 2065 807 2132 curasti
824 2064 991 2131 molliter.
1017 2063 1159 2151 Syrisce

506 2198 625 2248 autem
664 2199 718 2249 est
755 2181 966 2250 adverbium
1002 2181 1157 2273 qualita-

509 2301 554 2366 tis
587 2314 634 2363 (ι).

308 2435 339 2481 2.
388 2411 675 2484 6.MlsT101A.
720 2418 887 2514 Mastigia
930 2416 989 2485 vel
1031 2413 1159 2482 mastix

507 2534 640 2603 dicitur
664 2536 844 2630 corrigia,
870 2558 941 2627 qua
959 2536 1066 2623 Syrus
1092 2553 1157 2598 vo·

503 2651 603 2721 lebat
624 2653 800 2745 impedire
816 2656 998 2721 Demeam.
1023 2653 1159 2719 Demea

504 2793 593 2867 ergo
617 2773 729 2842 intrat
756 2774 792 2841 in
824 2773 968 2844 domum
1004 2767 1157 2837 interio-

501 2911 603 2972 rem,
643 2908 684 2957 ut
721 2888 862 2957 videret
901 2890 930 2958 si
971 2903 1065 2955 esset
1103 2880 1160 2948 ihi

503 3005 672 3100 Ctesipho
695 3007 790 3077 lilius
819 3031 902 3076 suus
927 3001 1159 3074 absconditus

507 3145 588 3190 cum
613 3128 774 3217 psaltria.
799 3125 954 3194 Volebat
990 3147 1070 3191 eum
1095 3123 1159 3210 Sy·

504 3263 565 3307 rus
591 3267 670 3309 cum
699 3243 854 3341 corrigia
878 3238 1067 3333 impedire.

303 3375 335 3445 4
387 3376 416 3423 r.
440 3356 548 3426 Dolet
572 3361 706 3427 Demea
732 3359 828 3453 quod
856 3359 966 3427 durus
1003 3378 1087 3452 erga
1112 3352 1156 3423 li·

503 3478 592 3544 lium
617 3478 766 3546 nimium
781 3478 927 3557 luerit,
954 3495 990 3545 et
1014 3474 1158 3543 simulat

261 3657 302 3721 (ι)
322 3651 547 3721 Explicationem
567 3654 621 3713 τοῦ
641 3652 744 3728 syriace
764 3647 841 3704 haud
861 3648 922 3702 scio
949 3663 984 3700 ru
1012 3642 1157 3716 quispiam

230 3743 405 3811 probaturae
428 3744 475 3797 rit.
