3284 5054
706 507 919 570 CLEONYMI
1202 514 1241 572 at

329 660 334 670 '
355 671 429 731 nos
449 643 610 759 praediti
631 643 774 744 simus,
790 645 865 727 hos
885 642 1148 729 nihilominus
1165 665 1205 729 et
1221 647 1289 731 ad·

354 783 508 869 finitate
523 784 640 869 nobis
657 783 892 867 coniunctos
914 807 955 867 et
974 786 1084 867 nulla
1101 784 1288 898 aequitate

353 921 536 1008 suffultos
555 955 637 1007 non
657 925 782 1036 pudet
801 923 949 1008 iudicio
972 924 1180 1008 nobiscum
1196 954 1291 1007 con-

354 1067 522 1151 tendere
532 1065 583 1147 de
598 1063 646 1147 iis
658 1063 790 1160 bonis,
805 1093 882 1178 pro
893 1063 1039 1176 quibus
1056 1086 1173 1175 turpe
1187 1083 1290 1144 esset

357 1235 448 1289 cum
470 1204 668 1286 extraneis
689 1203 809 1285 etiam
831 1202 1061 1286 homiuibus
1082 1201 1284 1286 dimicare.

414 1346 485 1425 Ill.
514 1345 643 1423 Porro
666 1369 748 1422 uon
769 1340 911 1421 eodem
934 1334 1070 1424 ultimo
1091 1340 1197 1423 iuter
1217 1367 1292 1422 noe

360 1484 507 1569 adfecti
529 1482 629 1565 mihi
647 1478 846 1575 videmur,
860 1507 884 1561 ο
898 1477 999 1561 Viri.
1011 1481 1197 1595 Namque
1213 1508 1289 1593 ego

349 1626 467 1738 quod
505 1618 707 1705 immerito
740 1618 969 1732 periclitor,
995 1618 1038 1701 id
1069 1620 1290 1707 maximum

357 1762 619 1878 praesentium
633 1761 831 1843 melorum
847 1788 929 1842 non
940 1757 1089 1857 iudic03
1101 1762 1171 1843 sed
1181 1760 1291 1875 quod

358 1901 473 2017 litigo
500 1930 592 1985 cum
616 1898 874 1997 necessariis,
900 1926 1001 2013 quos
1027 1929 1078 1983 ne
1103 1898 1290 1984 refellere

358 2040 523 2154 quidem
539 2042 750 2123 honestum
765 2057 834 2121 est.
852 2040 996 2152 Neque
1016 2039 1205 2152 equidem
1221 2039 1290 2122 mi·

358 2202 502 2287 norem
515 2170 782 2256 calamitatem
798 2168 980 2254 existimo
995 2169 1029 2253 si
1046 2171 1290 2256 necessarios

357 2341 471 2396 meos
491 2314 631 2396 laesero
652 2313 750 2394 dum
770 2337 835 2392 me
853 2310 939 2423 ipse
960 2309 1148 2408 defendo,
1168 2340 1290 2424 quum
1350 2306 1359 2320 ’

358 2452 469 2563 quod
495 2453 546 2533 ab
566 2448 648 2531 illis
667 2433 811 2562 ⁸sponte
840 2446 1066 2561 iniuriaque
1086 2449 1290 2539 lacessitus

353 2614 460 2670 eum.
477 2586 710 2671 Adversarii
730 2605 864 2670 autem
884 2588 988 2671 hunc
1006 2607 1182 2677 mentem
1207 2617 1290 2673 uon

350 2744 524 2837 ¹gerunt:
544 2726 615 2810 eed
631 2725 676 2811 in
696 2754 770 2809 noe
788 2725 949 2808 irruunt
978 2725 1174 2810 invocatis
1194 2727 1292 2813 ami·

362 2862 433 2959 cie,
453 2864 694 2976 comparatis
714 2864 954 2988 emtoribus,
976 2866 1097 2951 nullis
1115 2867 1290 2981 denique

362 2999 490 3115 copiis
525 3001 701 3100 omissis,
736 3024 941 3118 tamquam
968 3004 1002 3089 si
1031 3004 1235 3100 inimicos,
1264 3034 1290 3087 ο
1386 3044 1389 3048 Δ

226 3253 229 3259 ⁴
360 3136 473 3235 Viri,
495 3137 616 3220 ulturi
646 3163 790 3237 esseut,
819 3161 860 3223 et
887 3173 969 3226 uon
998 3143 1132 3257 potius
1152 3171 1291 3228 neees-

360 3277 477 3362 sariis
499 3307 546 3361 ac
571 3278 878 3391 consanguineis
907 3282 1100 3390 damnum
1128 3280 1288 3366 illaturi.

417 3417 476 3500 IV
478 3419 624 3532 Atque
634 3414 803 3499 istorum
814 3416 1103 3530 impudentiam
1112 3439 1292 3533 turpem·

362 3585 442 3672 que
451 3557 553 3642 lucri
563 3557 821 3672 cupiditatem
839 3557 985 3640 clarius
1004 3559 1135 3642 adhuc
1150 3589 1294 3673 cognu-

364 3697 500 3798 scetis,
527 3728 653 3816 quum
670 3697 807 3791 omniu
827 3696 1068 3807 audiveritis.
1093 3699 1293 3815 Incipiam
