3284 5054
563 527 772 586 CLEONYMI
1052 532 1090 590 55

216 691 294 776 qua
331 690 403 745 nos
444 659 593 744 iudicio
633 685 853 756 certamus,
894 689 964 744 vos
1003 693 1142 752 omnes

211 802 343 896 scitis;
382 801 536 888 tabulas
566 825 698 885 autem
734 801 878 912 quibus
907 800 970 882 isti
1001 801 1141 888 confisi

209 941 415 1053 negotium
435 938 796 1037 nobisfacessunt,
821 968 940 1025 nemo
963 964 1140 1027 vestrum

209 1103 315 1164 ratas
335 1108 420 1162 esse
443 1079 565 1162 novit.
585 1082 754 1193 Insuper
780 1104 956 1162 nostram
976 1080 1139 1193 quidem

209 1216 608 1301 adfinitatem-etiam
649 1218 756 1328 apud
797 1218 1056 1305 Adversarios
1094 1219 1140 1303 in

210 1355 391 1441 confesso
421 1385 506 1438 esse
548 1355 889 1466 deprehendetis3
928 1378 1140 1441 testamen·

208 1515 295 1577 tum
317 1516 448 1575 autem
470 1494 588 1601 plane
602 1521 624 1573 a
640 1490 756 1575 nohis
769 1491 810 1573 in
825 1494 1140 1580 controversiam

211 1631 366 1713 vocari:
393 1629 583 1743 quoniam
601 1629 663 1712 isti
685 1632 952 1742 Cleonymum
977 1635 1139 1719 abolere

208 1771 307 1854 illud
329 1770 527 1852 volentem
547 1768 853 1882 impediverunt.
866 1773 921 1853 Ut
934 1774 1055 1885 plane
1065 1802 1138 1856 uo-

209 1908 291 2005 bis,
314 1937 339 1988 o
358 1907 461 2005 Viri,
481 1909 606 1990 multo
620 1909 823 1994 honestius
836 1910 886 1992 sit
899 1907 1136 2025 suffragium

209 2047 317 2130 ferre
359 2076 435 2160 pro
482 2076 631 2160 genere
669 2051 720 2131 de
749 2079 829 2161 quo
869 2070 1011 2133 neutra
1041 2081 1136 2164 pars

210 2187 411 2300 ambigit,
439 2215 559 2299 quam
580 2215 656 2299 pro
678 2210 914 2272 testamento
932 2220 1014 2273 nou
1035 2192 1137 2274 iuste

208 2325 401 2413 confecto.
430 2327 616 2438 Denique
637 2326 833 2438 cogitate,
866 2329 1136 2441 Cleonymum

211 2494 334 2576 quum
378 2465 558 2575 placidus
603 2488 706 2546 esset
745 2465 844 2547 illud
886 2470 1135 2579 abrogasse,

207 2602 426 2686 confecisse
455 2632 581 2716 quum
611 2602 672 2683 ira
713 2606 1018 2714 perturbaretur
1057 2634 1135 2689 neo

207 2741 408 2854 sapienter
457 2742 622 2825 oonsilio
672 2763 881 2826 uteretur:
925 2763 969 2825 ut
1013 2743 1137 2854 plana

205 2877 404 2960 nefarium
432 2879 610 2964 futurum
646 2881 729 2977 sit,
766 2881 801 2964 si
829 2885 958 2997 tnagis
1004 2907 1135 2966 ratam

209 3017 423 3130 Cleonymi
464 3019 566 3100 iram
605 3049 728 3131 quam
768 3050 908 3104 sanam
954 3023 1135 3109 eiusdem

207 3179 386 3240 mentem
418 3157 605 3243 habeatis.

259 3298 349 3378 XX.
358 3299 457 3378 Puto
469 3297 632 3408 insuper
644 3295 773 3379 videri
782 3295 896 3378 vobis
905 3323 1065 3408 mquu
1077 3326 1135 3380 ao

204 3436 1136 3551 cipere(itemvosoegreferresinonaceipiatis)

204 3580 256 3659 ab
269 3576 338 3672 iis,
356 3578 502 3691 quibus
515 3577 679 3689 quidem
699 3575 872 3658 invicem
900 3577 1134 3689 contingere

205 3712 351 3828 posset,
372 3739 416 3797 ut
433 3717 583 3831 aliquid
605 3746 627 3798 a
649 3715 762 3799 vobis
783 3732 1133 3830 consequerentur:
