3284 5054
707 516 914 580 SUSCEPTA
1197 515 1237 579 65

353 673 390 725 et
412 653 609 722 decumana
636 649 752 720 hiems
786 653 826 720 in
861 651 1187 744 tranquillitatem,
1223 652 1280 719 id-

351 795 423 866 que
458 772 549 840 adeo
585 774 718 840 sensim
748 787 785 838 et
813 772 922 839 tacite
949 789 987 838 ut
1009 792 1068 838 res
1104 753 1279 838 miraculo

350 891 477 960 similis
516 889 693 970 videatur.
718 889 816 976 Quos
847 887 942 956 enim
979 886 1170 983 pugnando
1206 911 1281 957 non

350 1006 616 1084 vincebamus,
654 1004 721 1072 hos
770 1005 945 1097 depositis
995 1009 1104 1072 armis
1156 1005 1281 1073 subie-

352 1125 475 1192 cimus.
528 1125 572 1191 Et
615 1122 787 1189 hacteuus
828 1123 973 1214 quidem
1017 1122 1280 1215 supputabatur

351 1261 477 1310 contra
514 1258 603 1332 quot
641 1241 681 1307 iu
719 1243 836 1308 aciem
874 1240 1134 1332 prodiremus,
1184 1263 1280 1309 nunc

353 1377 445 1452 quot
481 1357 589 1425 nobis
624 1355 825 1448 parebunt:
864 1376 901 1424 et
937 1358 1023 1426 olim
1055 1360 1203 1425 moleste
1228 1359 1282 1424 fe·

352 1475 520 1544 rebamus
556 1474 654 1567 quod
688 1475 791 1542 multi
831 1494 974 1557 esseut,
999 1496 1093 1542 nunc
1118 1474 1281 1541 dolemus

353 1593 424 1660 nisi
448 1590 551 1659 multi
577 1593 658 1659 siut.

422 1709 529 1777 XXV.
568 1707 763 1778 Considera
801 1709 941 1805 igitur,
980 1710 1102 1805 regius
1143 1711 1282 1778 animus

355 1825 549 1895 Theodosii
585 1827 624 1892 in
658 1826 780 1906 hostes
816 1850 898 1895 suos
937 1848 1157 1920 quantopere
1193 1851 1284 1920 pre·

357 1945 466 2013 cellat
512 1943 674 2037 Pelopidi
714 1963 749 2012 et
794 1944 910 2014 Atridi
949 1964 985 2013 et
1024 1970 1160 2015 summo
1207 1947 1285 2041 regi

352 2064 611 2158 Agamemnoni
660 2084 769 2154 quem
818 2066 915 2131 canit
964 2064 1151 2132 Homerus.
1219 2067 1284 2135 Ille

354 2184 513 2251 Fratrem
561 2180 768 2277 obiurgat,
817 2182 881 2275 qui
944 2203 1029 2277 erga
1083 2181 1286 2274 supplicem

353 2299 582 2370 fleoteliutur:
619 2320 657 2370 et
695 2302 842 2370 acerbas
883 2300 973 2369 adeo
999 2300 1283 2393 barbariemque

337 2420 476 2489 ‚fundit
511 2442 665 2514 preces,
721 2419 849 2511 nequis
886 2419 1121 2486 Troianorum
1157 2439 1285 2484 necem

355 2541 524 2634 effugiat,
554 2537 683 2629 nequis
717 2535 872 2617 evadat,
913 2558 959 2603 ne
994 2536 1025 2602 si
1050 2534 1166 2601 adhuc
1204 2535 1285 2626 qui·

355 2657 437 2724 dem
459 2673 617 2753 gestetur
643 2656 766 2722 matris
800 2655 839 2721 iu
877 2673 996 2734 uter03
1022 2653 1084 2721 sed
1111 2672 1194 2720 ante
1220 2676 1285 2745 pe·

354 2796 434 2841 reat
457 2797 564 2866 quam
587 2773 628 2840 in
652 2773 768 2841 lucem
805 2773 936 2841 effusus
961 2773 1017 2840 sit.
1057 2773 1129 2841 Nos
1165 2792 1286 2840 autem

354 2893 556 2984 supplicum
584 2889 677 2959 filios
712 2913 829 2958 mares
869 2891 1091 2983 feminasque
1131 2891 1286 2972 alimus,

353 3033 473 3101 neque
508 3011 563 3077 uti
601 3009 749 3100 Scythas
786 3008 942 3092 odimus,
983 3009 1047 3077 sed
1082 3011 1135 3076 uti
1169 3009 1288 3076 lromi-

353 3151 417 3197 nes
455 3131 564 3198 venia
604 3131 844 3222 impertimur.
900 3130 957 3198 Sic
993 3146 1112 3196 autem
1151 3152 1189 3195 se
1225 3150 1285 3195 res
1369 3196 1375 3211 ,

354 3246 481 3329 habet,
499 3265 539 3315 ut
561 3247 624 3340 qui
639 3265 866 3315 contumaces
883 3245 1057 3314 barbaros
1076 3262 1285 3314 constanter

353 3366 605 3460 persequitur,
644 3367 675 3433 is
706 3367 943 3434 Romanorum
975 3366 1220 3434 tantummodo
1246 3388 1287 3432 se
1331 3378 1334 3382 ’

354 3508 476 3582 regem
505 3484 647 3578 probet.
683 3486 753 3572 Qui
793 3504 911 3553 autem
946 3484 1286 3578 patratavictoria

387 3743 421 3805 (r)
439 3742 504 3788 llird.
521 3733 541 3800 ζ.
560 3748 599 3805 54·
617 3753 641 3790 st
656 3759 722 3808 seqq.
