3284 5054
536 560 538 564 ,
575 493 613 552 62
898 491 1087 566 ruounsso

531 654 627 717 ωσι.
653 664 678 695 v.
705 628 967 698 10·ACTORIS
993 629 1145 697 OPERA.
1171 626 1360 716 Quomodo
1382 628 1463 720 ipae

810 747 848 813 in
872 746 1008 839 populo
1034 744 1190 813 celebris
1215 768 1287 812 non
1312 764 1462 836 propter

811 886 849 932 se
866 864 928 932 sed
946 882 1094 956 propter
1111 887 1213 931 suurn
1230 864 1461 931 recitatorem

807 983 983 1050 extiterit.

709 1123 760 1189 17·
786 1099 832 1168 IN
857 1100 1013 1169 MEDIO.
1041 1098 1089 1168 Id'
1105 1118 1159 1168 est
1182 1101 1222 1167 in
1239 1097 1387 1191 publico
1402 1099 1463 1167 vel

807 1215 1081 1299 indifferenter,
1123 1219 1295 1310 quoniam
1344 1234 1459 1309 poetae

805 1333 1458 1411 boniindifferenterdicunturutrurn

805 1453 998 1523 laudentur
1023 1479 1068 1523 an
1091 1456 1357 1547 vituperentur.

528 1649 581 1697 let.
614 1648 654 1697 So.
700 1665 725 1695 v.

545 1808 573 1875 1.
624 1828 654 1874 1.
705 1829 734 1874 1.
774 1805 998 1875 Coudolebat
1039 1809 1159 1876 Davus
1201 1808 1459 1878 nummularius

805 1927 926 2005 Getae,
966 1926 1029 2018 qui
1066 1926 1136 1993 eibi
1173 1946 1360 2022 argentum
1396 1925 1459 1997 de·

804 2045 937 2142 tulerat
962 2043 1005 2111 ad
1030 2047 1335 2137 percutiendum,
1360 2048 1459 2140 quod

805 2163 1009 2230 minutatim
1035 2162 1105 2230 sibi
1145 2163 1222 2255 ipse
1248 2165 1337 2232 Geta
1373 2186 1458 2231 oon·

802 2299 1039 2377 gregantur,
1076 2300 1112 2349 et
1141 2280 1337 2377 cogebatur
1361 2305 1457 2350 nuno

808 2398 1011 2491 expendere
1053 2401 1092 2467 in
1129 2401 1271 2493 nuptias
1295 2398 1362 2468 filii
1391 2400 1455 2468 do·
1489 2386 1492 2390 ⁵

749 2585 753 2593 ,
807 2518 897 2584 mini
936 2516 1014 2600 eui,
1054 2517 1205 2610 haecque
1241 2539 1362 2586 secum
1401 2516 1458 2584 di·

808 2634 924 2703 cebet.

686 2775 738 2821 ιο.
762 2753 1022 2822 COMPARSIT.
1047 2753 1137 2833 Vix,
1164 2752 1348 2844 parcendo
1372 2754 1456 2838 sibi,

713 2924 718 2939 ,
805 2871 1039 2966 congregavit
1064 2870 1168 2937 uxori
1192 2869 1329 2940 domini
1354 2873 1422 2940 aui.

680 3011 731 3057 11.
755 2988 880 3058 HAVD
903 2987 1196 3057 EXISTVMANS.
1217 2989 1298 3057 Non
1312 2991 1454 3084 recogi·

804 3125 883 3174 tans
909 3129 991 3173 cum
1015 3126 1149 3198 quanto
1175 3106 1302 3175 labore
1327 3106 1455 3197 adqui·

801 3225 908 3293 situm
946 3225 993 3292 eit
1029 3224 1126 3316 quod
1149 3219 1228 3318 ipsa
1252 3222 1452 3292 libidinose

802 3342 995 3436 expendet.

614 3484 648 3536 ι
699 3484 726 3530 1.
751 3462 947 3560 Egredieno
972 3464 1061 3531 Geta
1087 3483 1108 3528 a
1132 3462 1238 3529 domo
1255 3476 1296 3527 ut
1310 3460 1383 3527 iret
1409 3459 1454 3528 ad

797 3583 934 3649 Davum
961 3581 1104 3661 rufum,
1130 3596 1319 3675 argentum
1344 3603 1451 3674 repo-

798 3721 913 3781 scere,
938 3696 1084 3767 dicebat
1107 3697 1194 3767 suist
1219 3700 1361 3791 SIQvls
1385 3700 1450 3773 ME
