3284 5054
557 558 769 622 CLEONYMI
1048 562 1088 627 ⁵3

203 688 393 781 fierenius
413 697 586 781 obnoxii.
605 701 725 781 Nunc
745 718 885 780 contra
912 699 946 781 si
969 693 1131 783 heredi-

201 859 259 918 tas
281 838 418 918 relicta
440 837 513 934 sit,
543 866 704 950 aeqnum
733 836 990 935 iudicabitis,
1023 841 1129 922 hano

201 954 251 1056 ad
291 975 388 1056 ulios
426 976 559 1087 petius
589 974 804 1058 devenire?
833 978 908 1058 Nae
938 1005 1009 1059 vos
1047 978 1133 1061 sive

200 1137 328 1209 recta,
347 1112 432 1195 sive
453 1113 566 1196 vobis
588 1112 685 1225 ipsis
704 1114 1012 1211 convenientia,
1045 1117 1132 1200 sive

200 1252 356 1365 legibus
385 1272 651 1333 consentanea
680 1281 761 1332 non
793 1254 1076 1336 decerneretis:
1097 1254 1132 1336 si

198 1390 390 1472 nimirum
410 1389 613 1501 proximos
644 1419 791 1502 genere
821 1392 1036 1505 participes
1068 1393 1131 1475 in-
1243 1484 1246 1492 ,

205 1530 509 1613 commodorum
538 1555 622 1609 esse
667 1529 889 1640 cogeretis3
930 1534 1131 1613 bonorum

204 1693 337 1752 autem
368 1667 596 1749 relictorum
630 1668 791 1780 quosvis
811 1669 964 1782 potius,
1007 1700 1129 1785 quam

202 1808 307 1903 hos,
338 1806 522 1889 dominos
550 1805 743 1890 faceretis.

206 1982 211 1991 ·
256 1947 364 2028 XIX.
405 1947 464 2027 Ac
505 1973 600 2027 saue
640 1965 830 2058 oportet,
871 1975 895 2027 o
935 1944 1049 2042 Viri,
1087 1966 1129 2027 et

202 2104 370 2199 propter
391 2083 548 2198 generis
569 2084 878 2197 praerogativam
899 2106 939 2168 et
957 2105 1128 2199 propter

201 2224 260 2307 rei
283 2224 408 2336 ipsius
423 2223 644 2324 veritatem,
658 2247 703 2305 ut
723 2252 862 2337 reapse
877 2225 1024 2320 soletis,
1040 2254 1129 2307 cou-

199 2363 428 2477 sanguineis
442 2363 587 2477 potius,
610 2363 781 2476 quamin
796 2365 1021 2446 tabularum
1039 2364 1128 2447 iure

197 2504 416 2585 nitentibus
460 2530 529 2584 vos
563 2499 752 2615 suffragia
799 2504 986 2586 tribuere.
1021 2504 1126 2586 Nam

199 2641 357 2753 generis
388 2640 550 2754 quidem
580 2639 828 2722 necessitudo
850 2641 1035 2723 omnibus
1065 2669 1130 2724 ex·

201 2778 357 2890 plorata
375 2800 453 2874 est,
475 2807 605 2892 neque
621 2779 760 2863 eadem
773 2780 878 2893 apud
892 2807 962 2863 vos
973 2776 1129 2863 confin-

198 2917 239 3031 gi
259 2937 408 3030 potest:
430 2919 583 3000 tabulas
604 2940 743 3000 contra
764 2915 878 3001 multi
897 2916 1013 3001 falsas
1033 2945 1128 3031 pro·

200 3057 390 3152 tulerunt,
406 3065 446 3137 et
466 3058 627 3169 quidem
646 3057 846 3169 interdum
868 3055 1129 3137 omninonul·

197 3197 275 3292 lus,
304 3193 506 3277 interdum
536 3224 632 3278 vero
662 3194 926 3306 quorumdum
945 3193 1014 3304 qui
1044 3220 1128 3274 non

197 3338 302 3417 bene
331 3362 402 3416 sua
424 3333 588 3416 consilia
608 3333 870 3448 agitaverunt.
891 3329 1009 3443 Atqui
1031 3325 1129 3411 adfi-

199 3473 364 3556 nitatem
393 3472 557 3587 quidem
585 3493 625 3556 et
652 3470 1014 3566 necessitudinem,
1050 3497 1130 3583 pro

246 3759 292 3842 (²)
318 3761 396 3824 God.
419 3771 553 3830 souitu».
674 3799 678 3806 ·
