3284 5054
586 485 790 554 suscssrs
1065 509 1103 568 μ

216 630 345 703 famam
373 633 434 700 din
459 633 630 702 intactam
658 633 769 703 tueri:
794 631 838 699 ad
860 632 1005 700 virtutis
1032 649 1149 699 sutem

216 753 521 847 significationem
549 754 656 845 pauci
680 775 819 821 menses
844 751 1048 833 sufficiunt,
1080 752 1149 816 im·
1186 764 1190 771 “

217 894 277 939 nro
309 897 378 940 una
411 874 500 942 dies.
531 873 658 965 Neque
683 873 778 940 enim
804 872 863 940 vel
888 872 925 938 in
952 871 1031 937 aliis
1061 865 1149 935 arti-

218 990 287 1059 bus
304 994 571 1061 multitudinem
587 1016 735 1084 operum
758 989 817 1058 sed
839 989 1150 1082 pulchritudinem

218 1133 259 1177 ac
278 1111 503 1206 diligentiam
525 1113 761 1204 exquirimus.
776 1108 938 1180 Phidiam
956 1107 1003 1175 ob
1027 1110 1149 1174 lovem

216 1227 364 1297 Pisaeum
401 1231 536 1311 miror,
564 1231 801 1324 Polygnotum
846 1228 893 1295 ob
931 1226 1151 1308 exhedram,

216 1349 406 1439 Myronem
432 1348 478 1415 ob
503 1347 684 1415 buculam.
722 1347 868 1415 Pasonis
894 1371 1004 1439 opera
1042 1367 1150 1438 quam

214 1489 367 1535 numero
406 1465 585 1535 excedunt
624 1465 791 1536 Zeuxidis
840 1468 1049 1558 Apellisque
1095 1465 1149 1531 la-

217 1586 347 1655 bores!
389 1588 477 1673 Quis
510 1603 628 1655 tamen
667 1609 740 1653 non
770 1586 883 1677 pluris
920 1587 1006 1655 facit
1042 1608 1150 1653 unam

129 1763 137 1780 ,
217 1703 346 1773 horum
396 1705 569 1774 tabellam
609 1728 715 1798 quam
765 1706 971 1774 universam
1004 1705 1150 1773 Pasonis

219 1822 359 1892 artem?
874 1886 877 1891 .

262 1944 341 2012 x11.
367 1944 469 2030 Qnod
496 1947 525 2011 si
551 1944 620 2012 tibi
645 1960 784 2034 tempus
809 1944 914 2012 valde
945 1943 1151 2034 ponderan-

217 2061 301 2130 dum
316 2062 461 2130 videtur
473 2065 693 2156 plurimique
705 2063 927 2143 faciendum,
941 2065 1027 2131 licet
1043 2062 1152 2131 etiam

219 2182 366 2277 gloriari
394 2181 440 2248 ob
475 2184 655 2274 prolixum
693 2185 865 2274 temporis
898 2184 1052 2274 spatium
1079 2203 1151 2272 quo

219 2301 386 2392 Callipoli
416 2302 564 2394 publice
591 2320 752 2370 versatus
784 2327 872 2370 sum.
897 2303 1022 2393 Neque
1054 2301 1151 2368 enim

214 2421 272 2487 vel
309 2423 394 2489 olim
419 2423 627 2490 adolescens
659 2421 856 2490 solitariam
881 2418 1152 2512 philosophiam

216 2539 329 2633 elegi,
355 2541 417 2608 sed
455 2565 498 2608 ex
536 2564 651 2632 puero
675 2541 713 2606 in
747 2540 928 2632 ephebos,
963 2563 1007 2608 ex
1031 2537 1089 2605 his
1112 2539 1156 2606 in

216 2659 343 2740 viros,
379 2659 556 2752 equibus
592 2660 630 2726 in
653 2657 746 2725 hanc
772 2677 952 2726 senectam
989 2681 1068 2724 cnm
1100 2658 1152 2724 ci·

219 2774 339 2840 vitatis
364 2773 619 2844 benevolentia
638 2775 779 2845 deveni.
803 2778 930 2870 Neque
955 2779 1152 2869 imparatus

219 2890 264 2957 ab
301 2893 508 2983 eloquentia
545 2893 705 2964 habenas
736 2896 837 2963 urbis
875 2897 1063 2987 corripui,
1089 2893 1154 2962 sed

221 3011 404 3101 antiquam
443 3031 727 3108 perpetuamque
757 3017 1053 3084 exercitationem
1067 3068 1070 3073 .
1084 3037 1153 3088 usu

219 3129 381 3220 perfeci,
413 3150 521 3222 atque
547 3155 566 3198 a
592 3132 750 3200 scabello
776 3134 894 3200 civilis
918 3130 1064 3199 virtutis
1089 3153 1153 3220 pe·

222 3247 431 3333 detemptim
459 3248 502 3315 ad
529 3224 708 3331 fastigium
737 3248 891 3318 ascendi.

221 3370 366 3433 Polygnotus
382 3370 559 3430 superciliorum
577 3374 678 3417 decorem
697 3385 719 3416 et
737 3375 840 3419 ruborem
857 3373 967 3434 suffusum
984 3371 1047 3428 gerris
1065 3373 1153 3430 (det),

221 3447 311 3510 qualem
331 3449 470 3496 Casandram
487 3450 512 3495 r'rr
529 3451 628 3498 exhedra
647 3452 740 3511 Delphis
757 3450 819 3508 fecit.
890 3460 894 3467 '

252 3532 289 3591 (3)
307 3530 439 3592 mronm,
458 3536 534 3594 inquit
551 3535 638 3578 Plinius
656 3533 704 3577 Lib.
724 3543 810 3578 xxxiv.
829 3532 889 3575 Soet.
902 3542 938 3587 19.
955 3525 1040 3572 bucula
1051 3524 1151 3573 stasim

221 3610 351 3656 utilitum
382 3617 409 3660 ld
425 3614 528 3673 Hyrouls
544 3629 602 3676 opus
620 3626 693 3675 poet·
710 3618 777 3679 greci
791 3624 816 3658 et
823 3614 887 3657 latini
897 3615 981 3673 purim
992 3611 1154 3658 celebrarunt-t

254 3693 291 3752 (4)
308 3695 365 3738 cod.
383 3680 420 3739 vd.

255 3770 292 3831 (5)
308 3774 399 3819 lusoris
418 3788 459 3819 m
471 3775 580 3820 rme-t·
593 3776 692 3832 picturis
704 3774 827 3834 nupsit
835 3769 1058 3833 eclypsim-stu
1067 3765 1153 3812 arins

218 3851 465 3905 acinaticium.
487 3857 509 3900 5.
519 3853 613 3902 >Poetis
632 3865 655 3898 s.
