3284 5054
522 475 752 535 PRAEFATIO
1017 483 1053 541 15

173 611 346 703 nuperius
376 609 574 707 'furcarum
599 610 707 677 armis
731 608 835 703 pulsa
852 607 990 678 linibus
1025 612 1097 680 suis

174 752 287 827 graec
325 702 428 796 Natio
474 726 613 795 Italiam
654 750 777 796 rursus
817 726 862 794 ad
899 728 1099 798 litterarum

175 869 330 934 amorem
357 860 538 912 cxcrtavrt.

267 962 578 1053 Graiis‘ingenium
603 962 719 1030 Graiis
744 963 840 1031 dedit
867 987 923 1033 ore
951 966 1098 1033 rotundo

266 1081 368 1147 Musa
390 1079 485 1170 loqui
507 1087 553 1148 (¹).

177 1197 295 1286 Quare
321 1197 409 1265 etii
435 1220 506 1288 prae
534 1199 664 1264 ceteris
700 1196 867 1292 gentibus
903 1202 941 1267 in
978 1201 1101 1269 celsis·

175 1316 299 1383 simam
323 1314 444 1383 sedem
477 1312 692 1381 eruditionis
729 1314 988 1400 ascenderunt,
1027 1336 1102 1386 stu·

176 1432 392 1525 dictumque
431 1453 576 1498 suorum
611 1428 773 1524 vestigiis
808 1444 921 1499 totam
955 1453 1102 1525 rempu-

174 1549 309 1620 blicam
349 1549 563 1617 litterariam
599 1546 866 1637 impresserunt.
911 1549 1018 1617 Stilus
1043 1573 1102 1619 me

178 1667 350 1750 deficiet,
377 1665 409 1747 si
433 1686 511 1757 quse
545 1663 620 1731 dici
648 1664 687 1731 in
719 1665 922 1735 Gracorum
960 1665 1103 1736 laudem

180 1800 353 1878 possunt,
374 1781 499 1853 omnis
523 1803 632 1849 coner
657 1804 879 1874 expromere.
901 1785 954 1852 De
978 1807 1103 1853 eorum

178 1900 322 1995 poetis,
357 1897 402 1969 dc
441 1898 663 1977 historicis,
700 1898 746 1968 de
785 1902 1021 1986 oratoribus,
1056 1903 1102 1973 de

178 2017 446 2116 grammaticis,
470 2015 516 2086 de
550 2016 808 2111 pbilosophis,
845 2019 890 2088 de
929 2019 1103 2106 medicis,

179 2139 224 2211 de
247 2136 533 2219 mathematicis,
557 2136 603 2205 de
616 2137 783 2220 musicis,
806 2137 1102 2232 descriptoribus

176 2258 285 2326 otiam
308 2256 457 2324 ludicris
482 2255 655 2324 immensa
694 2254 821 2346 oratio.
848 2274 911 2326 est.
948 2259 1044 2345 Quin
1067 2277 1105 2329 et

179 2374 361 2442 inclinatis
396 2373 437 2440 in
473 2371 577 2464 peius
618 2373 865 2464 temporibus,
902 2375 1106 2445 Gracorum

178 2492 299 2588 lingua
323 2512 519 2584 numquam
543 2506 597 2557 tot
622 2488 811 2574 sordibus,
851 2509 939 2581 quot
972 2493 1106 2576 latina,

178 2608 385 2690 obsolevit,
408 2629 584 2699 suamque
613 2606 823 2702 dignitatem
840 2607 956 2676 studia
980 2633 1105 2678 eorum

179 2725 313 2792 diutius
335 2727 575 2797 retinuerunt.
599 2725 712 2820 Ergo,
737 2725 817 2793 Itali
841 2726 1104 2812 adolescentes,

179 2841 285 2913 vobis
314 2865 532 2940 magnopere
572 2861 697 2911 auctor
735 2866 840 2924 sum,
876 2863 917 2913 ut
953 2848 992 2913 in
1020 2870 1104 2939 pos·

180 2952 374 3030 sessionem
391 2983 514 3055 gracae
531 2961 662 3056 lingua
679 2961 808 3054 pedem
832 2965 991 3056 ponatis,
1008 2968 1104 3033 eius·

180 3102 251 3174 que
275 3076 497 3145 desiderium
521 3096 558 3146 et
577 3101 678 3146 amor
692 3080 731 3147 in
756 3080 922 3149 medullis
946 3086 1103 3152 omnium

181 3219 223 3265 ac
245 3194 447 3266 visceribus
473 3186 618 3264 bareas.
643 3196 843 3288 Numquam
873 3199 970 3268 euim
1004 3201 1105 3269 ltalia

180 3315 390 3384 delicatiore
416 3334 525 3381 sensu
555 3311 601 3380 asl
633 3310 806 3384 humanas
835 3314 974 3385 litteras
1007 3319 1107 3402 fuit,

97 3446 101 3451 ’
180 3456 286 3525 quam
311 3456 391 3500 cum
415 3430 541 3528 graccis
566 3429 834 3523 exemplaribus
866 3431 1107 3506 vehementis-

181 3551 269 3619 sime
298 3550 448 3620 studuit.

203 3710 258 3776 ,(ι)
278 3705 414 3763 Horatius
435 3708 470 3765 ds
490 3713 558 3767 Arte
573 3709 685 3786 poetica
702 3727 729 3765 s.
751 3707 815 3766 323.
842 3734 845 3739 ·
