3284 5054
400 542 440 615 48
568 489 1074 602 Heautontimorumenos

359 676 413 721 Aer.
454 674 492 720 8ο.
535 688 560 721 v.

360 792 418 861 1v.
447 812 476 861 1.
527 816 556 861 1.
582 792 766 888 Antiphila
807 796 964 864 intrante
1008 796 1048 864 in
1092 794 1291 878 balneum,

638 912 785 979 anulum
832 914 910 1005 ejus
954 911 1095 1006 accepit
1133 915 1291 980 Sostrata

635 1052 728 1097 uxor
752 1029 978 1112 Chremetis,
1009 1049 1046 1097 et
1076 1032 1292 1126 recognovit

636 1145 733 1239 quod
759 1145 839 1215 filis
866 1171 936 1216 suar
962 1168 1067 1217 esset

438 1267 470 1333 3.
520 1286 548 1332 1.
573 1264 618 1333 Ut
634 1267 803 1360 cognovit
820 1267 935 1335 Clinia
958 1266 1054 1335 filius
1071 1265 1290 1349 Menedemi,

635 1381 856 1473 Antiphilam
881 1386 1029 1453 amicam
1050 1408 1149 1453 suam
1177 1382 1290 1452 filiam

640 1524 718 1569 ease
743 1499 941 1571 Chremetis
970 1521 1006 1571 et
1022 1505 1201 1581 Sostratae,
1229 1503 1289 1570 lae·

638 1617 781 1686 tabatur
796 1668 806 1700 ‚
824 1640 970 1687 securus
987 1619 1084 1713 quod
1100 1601 1200 1688 illam
1216 1619 1284 1687 du-

638 1752 756 1815 ceret,
781 1753 907 1828 utpote
938 1760 1016 1828 quae
1042 1736 1159 1804 libera
1183 1754 1289 1805 esset.

498 1851 688 1919 10.DATB
713 1850 828 1918 MlHl.
866 1852 919 1919 Tu
943 1870 978 1919 et
1003 1852 1188 1945 Antiphila
1214 1854 1285 1922 sci-

633 1966 720 2034 licet
744 1967 961 2047 consilium,
1001 1969 1181 2059 quomodo
1211 1971 1286 2039 Cli·

637 2084 780 2177 tiphoni
804 2082 953 2152 Bacchis
979 2083 1092 2152 detur.

496 2221 552 2293 44.
577 2201 1287 2272 TRADVCATVRBACCHIS.Traducerc

632 2319 726 2388 idest
759 2319 947 2413 publicare
979 2320 1053 2390 sive
1079 2319 1285 2391 diffamare:

635 2437 698 2506 sed
716 2438 753 2504 in
769 2437 838 2508 hoc
856 2440 939 2506 loco
954 2462 1022 2531 pro
1050 2438 1285 2509 transducere

637 2560 828 2650 punitum·

438 2695 471 2762 4.
521 2698 550 2744 ι.
577 2675 703 2744 Adhuc
750 2674 834 2742 dum
859 2673 1009 2744 Bacchis
1035 2693 1130 2743 esset
1156 2676 1193 2742 in
1220 2675 1286 2745 do·

631 2817 689 2861 mo
715 2792 938 2874 Chremetis,
968 2791 1160 2886 indignans
1185 2794 1283 2887 quod
1414 2795 1419 2803 ’

496 2990 501 2997 ¹
631 2911 739 2999 Syrus
764 2910 797 2976 ei
821 2911 992 2977 mentitus
1026 2928 1147 2993 esset,
1182 2910 1282 2981 dice·

630 3024 694 3094 bat
718 3049 851 3095 secum.

435 3145 466 3215 5.
491 3146 665 3235 43.1>1xl
690 3145 746 3212 DE
772 3144 991 3214 ARGENTO.
1023 3145 1285 3214 Fraudulenter

629 3286 696 3356 per
719 3260 824 3330 hoca
850 3263 997 3332 domino
1015 3287 1079 3331 suo
1096 3281 1283 3358 argentum

627 3382 776 3454 volebat
792 3402 1028 3476 extorquere,
1046 3402 1085 3450 ut
1103 3382 1194 3450 illud
1218 3382 1282 3452 da·

628 3518 686 3569 ret
701 3501 986 3598 Bacchidiznnam
1002 3503 1037 3569 ei
1054 3502 1281 3592 promiserat.

493 3620 548 3706 48.
573 3618 642 3688 IVS
667 3616 865 3686 vaatVM
889 3637 950 3686 etc.
976 3619 1188 3711 Plerumque
1219 3619 1283 3712 qui

630 3736 785 3805 maxime
809 3734 990 3806 veridicus
1016 3755 1070 3807 est
1092 3737 1223 3808 incidit
1243 3740 1282 3807 iu
