3284 5054
621 503 661 561 50
851 497 906 557 DE
928 495 1225 564 PRAEFECTUM

577 634 683 720 νέον,
717 622 890 724 εὐμαθῆ,
925 622 1227 731 μεγαλοπρεπῆ,
1261 623 1513 728 μεγαλόφρο.

577 773 627 819 να
652 754 717 836 (1)·
754 742 822 818 καί
858 744 891 818 εί
922 746 977 839 μή
1012 743 1179 839 τοῦνομα
1210 739 1341 846 λέγει,
1377 748 1513 818 τοῦτον

579 867 707 962 φησί,
738 863 807 938 καί
846 865 981 937 τοῦτον
1007 861 1159 964 εὔχεται
1188 863 1429 959 ἐπιφανῆναι·
1471 866 1514 937 οίι

577 984 653 1086 γὰρ
677 962 802 1057 ἀλλον
835 981 1043 1077 οίκείοτερα
1069 978 1119 1051 τὰ
1141 981 1394 1082 γνωρίσματα.
1417 971 1517 1055 Εἶτα

577 1100 618 1175 ὃν
652 1103 719 1195 μέν
743 1099 897 1203 εὔχεται
930 1091 1037 1180 οὗτος
1068 1096 1172 1187 ἐστὶ,
1210 1098 1332 1200 τοχέν
1371 1095 1413 1173 δέ
1449 1105 1517 1188 τῆς

579 1219 692 1320 εὐχῆς
729 1219 796 1290 οάιι
830 1212 877 1290 ἀν
916 1214 1061 1313 ήρπασε
1100 1216 1172 1303 τὴν
1194 1219 1406 1303 κοινανίαν;
1436 1219 1516 1293 Καί

578 1336 651 1416 πές
687 1334 755 1405 οὐκ
788 1329 993 1437 ἀλλότριον
1029 1329 1255 1423 Πλάτονος,
1281 1333 1321 1406 ὃν
1344 1332 1514 1424 λίανξη·

576 1454 666 1540 τεί,
701 1454 871 1548 φανέντα
909 1452 961 1546 μή
1000 1448 1191 1552 χρήσθαι;
1221 1452 1296 1524 Επὶ
1331 1454 1430 1537 τίνος
1465 1450 1513 1526 ἀν

579 1566 733 1664 μᾶλλον
755 1571 843 1653 τοὺς
871 1570 1007 1662 νόμους
1035 1566 1097 1652 οὕς
1137 1566 1300 1672 ἔγραψεν
1340 1570 1516 1660 ἀβεβαιό-

579 1715 696 1775 σατος
733 1687 807 1761 Επί
847 1687 945 1767 τίνος
983 1681 1030 1759 ἀν
1074 1688 1343 1787 ἐκφανέστερον
1378 1685 1518 1786 ἀριστοι

580 1803 714 1890 ἔδειξεν
737 1806 927 1905 εἰρημένον
950 1805 1023 1894 τὸ,
1047 1801 1172 1900 πειθοῖ
1195 1802 1348 1897 μᾶλλον
1371 1802 1518 1907 ήφόβρ

579 1928 765 2030 χρηστέον
795 1924 857 1996 ἐπὶ
879 1928 949 2010 τῆς
972 1924 1148 2028 μεγίστης
1172 1923 1318 2024 ἀρχῆς,
1347 1924 1416 1998 καὶ
1450 1927 1516 2000 τὸν

579 2040 729 2139 σίδηρον
770 2042 813 2123 ές
855 2039 995 2128 ήκιστα
1039 2038 1341 2138 παραληπτέον;
1381 2047 1518 2118 Ταῦτα

580 2165 648 2258 μέν
694 2185 756 2233 τοι
804 2162 942 2255 ὁρέμεν
989 2162 1169 2257 ὁσημέραι
1212 2157 1279 2231 καὶ
1320 2161 1515 2257 ἀκούομεν.

581 2282 664 2353 Οάκ
708 2279 850 2382 οίμογή
889 2276 1119 2365 ἐξελήλαται
1152 2281 1222 2350 τάν
1262 2279 1444 2383 ἀρχείον;
1481 2280 1518 2352 σί

581 2394 712 2495 δήμιοι
729 2394 793 2488 δὲ,
810 2397 929 2493 ὄνομα
946 2393 1121 2496 φροῦδον.
1137 2401 1189 2470 Τὸ
1206 2394 1248 2471 δὲ
1264 2394 1518 2472 ἒπιδεικνῦναι

579 2518 648 2593 καί
674 2519 819 2617 φαίνειν
843 2517 911 2591 καί
941 2516 1271 2622 προσαγγέλλειν,
1308 2521 1349 2592 οὗ
1382 2519 1520 2593 σονετά

576 2640 738 2740 ῥήματα
761 2632 847 2725 ήδη.

627 2762 741 2828 XVII.
759 2753 914 2828 Δέδοικε
930 2751 972 2828 δὲ
989 2751 1109 2838 οὐδεὶς
1127 2758 1168 2827 οὗ
1184 2754 1429 2852 παλαμναῖον
1449 2756 1518 2831 λο-

534 2883 536 2886 ’
581 2871 732 2973 γιστῆν,
745 2871 812 2941 οὐκ
824 2865 1020 2968 ἀλιτήριον
1037 2866 1199 2963 έκλογέα
1208 2921 1220 2957 ,
1233 2871 1275 2940 οὗ
1291 2870 1378 2952 τοὺς
1395 2895 1518 2942 κατα-

578 2988 717 3088 ράτοος
740 2983 953 3077 πευθῆνας,
977 2987 1019 3059 οὗ
1041 2987 1128 3068 τοὺς
1151 2989 1274 3069 κακός
1306 2986 1519 3078 βλέποντας

582 3105 820 3206 ὀφθαλμοὺς.
860 3101 1098 3204 Διαθρνλλεῖ
1127 3133 1168 3177 τε
1192 3109 1293 3201 ήμάν
1328 3109 1380 3210 τὰ
1417 3099 1516 3199 ἀτα,

583 3222 646 3299 ὁδί
669 3227 736 3322 μέν
760 3227 944 3311 ἐπανῆκεν
967 3225 1009 3296 ἑκ
1038 3227 1106 3310 τῆς
1132 3230 1280 3329 φυγῆς,
1315 3222 1425 3298 τόνδε
1449 3227 1516 3296 τοῦ

582 3346 698 3439 νόμον
722 3340 975 3426 θανατοῦντος
999 3339 1226 3437 ἐξήρπασεν,
1252 3341 1313 3415 ὁδὶ
1330 3339 1372 3415 δέ
1387 3342 1516 3436 έκομί-

383 3486 569 3582 τχᾶιρρμο.
586 3486 680 3533 σατο
718 3461 786 3542 τὰς
828 3462 978 3550 οικίας,
1016 3463 1064 3561 τῷ
1110 3457 1152 3532 δέ
1190 3464 1332 3558 τροφὴν
1371 3461 1518 3546 ἐτήσιον

620 3639 655 3704 (ι)
671 3639 772 3682 Plutoni·
788 3639 878 3691 locum.
899 3653 968 3699 quem
985 3636 1037 3681 hoie
1053 3647 1078 3684 et
1093 3638 1258 3697 Ont1v¹1.p.
1270 3638 1323 3681 215.
1338 3636 1364 3682 Β.
1378 3636 1517 3686 'themistium

585 3712 616 3766 'nd
631 3720 788 3768 rhodanium
805 3719 892 3773 trahit,
917 3718 979 3763 idom
998 3719 1048 3777 μή
1064 3717 1172 3762 Ιιαάιοάί
1185 3719 1263 3762 studio
1285 3718 1366 3765 ductus
1383 3723 1517 3768 mimam

865 3809 877 3855 K
