3284 5054
484 566 489 575 ·
540 556 746 617 suscrrm
1022 547 1072 638 ‘17

186 695 221 762 ei
258 693 328 785 qui
363 689 516 759 absurde
558 690 767 786 dignitatem
803 690 969 781 recepit,
1010 693 1115 761 illum

187 835 332 905 quoque
368 810 430 901 qui
467 810 568 877 dedit
604 813 816 903 participem
840 810 919 877 fieri
944 813 1114 879 erimina-

186 933 297 998 tinnrs
325 952 472 996 necesse
497 948 578 1011 est,
620 928 720 996 voln
741 929 807 997 sub
844 947 879 995 te
909 929 1031 996 iudice
1057 953 1117 996 ca-

183 1049 358 1116 lumniam
384 1049 591 1116 dissolvere.
632 1050 701 1136 Aut
725 1049 821 1115 enim
847 1066 999 1140 uterque
1034 1049 1117 1138 phi-

183 1168 386 1259 losophiam
413 1169 597 1235 eveximus
623 1186 702 1231 cum
728 1164 837 1232 verba
863 1167 901 1232 in
925 1188 1001 1232 rem
1029 1187 1117 1231 cou-

184 1286 355 1366 tulimus,
393 1304 454 1351 aut
490 1304 648 1373 uterque
677 1282 838 1349 eamdem
867 1282 1119 1374 depressimus.

182 1403 223 1470 In
251 1404 377 1494 primis
404 1422 523 1468 autem
547 1401 753 1467 necessario
781 1400 1036 1491 explicandum
1063 1415 1120 1466 est

184 1538 220 1587 et
244 1520 348 1586 vobis
375 1521 434 1610 qui
464 1539 518 1583 me
545 1540 637 1584 nunc
665 1516 808 1598 auditis,
834 1536 870 1583 et
896 1519 1028 1584 ceteris
1052 1517 1117 1608 qui

184 1637 359 1726 deinceps
385 1639 422 1702 in
447 1633 541 1699 lianc
568 1657 681 1700 meam
706 1641 904 1733 orationem
931 1634 1116 1718 incident,

185 1753 368 1847 quodnam
394 1754 548 1819 officium
575 1751 814 1845 ‘philosophiae
840 1732 1117 1822 existimandum

185 1872 244 1953 sit,
271 1871 406 1963 quidve
431 1869 507 1936 haec
532 1889 697 1962 spectans
723 1870 767 1937 ad
791 1870 982 1938 humanam
1004 1875 1117 1940 vitam

186 1990 410 2071 accesserit,
447 2007 484 2055 et
516 2012 588 2080 quo
617 2009 722 2079 pacto
747 1990 970 2056 incrementa
1007 2010 1116 2081 atque

185 2110 337 2177 asseclas
358 2108 512 2201 ceperit,
535 2130 715 2200 quamque
729 2131 770 2174 ea
782 2114 881 2174 iustas
899 2097 1115 2176 dominatio·

180 2229 220 2294 ni
245 2228 431 2295 farriiliaris
457 2244 493 2294 et
518 2226 710 2293 coniuncta
735 2227 803 2307 sit,
830 2246 1002 2317 quantum
1027 2227 1113 2294 item

182 2369 201 2413 a
227 2346 416 2437 tyrannide
433 2344 635 2413 abhorreat.
662 2346 718 2412 Sic
736 2343 831 2410 enim
848 2344 989 2413 facilius
1006 2345 1113 2410 intel·

179 2465 439 2559 ligetiuutrum
453 2477 519 2558 ego
533 2465 625 2530 intra
638 2464 772 2553 patrios
785 2461 873 2528 fines
891 2463 1112 2529 constiterim

182 2581 357 2676 dignitate
369 2603 527 2674 recepta,
540 2605 585 2647 an
598 2579 642 2647 ab
655 2579 782 2647 iisdem
797 2581 1022 2648 excesserim.

227 2704 271 2768 II.
296 2703 414 2795 Siquis
440 2702 550 2797 igitur
575 2724 638 2769 vos
663 2717 788 2794 roget,
814 2723 885 2790 quo
912 2720 1015 2791 pacto
1033 2720 1107 2767 ma·

183 2819 279 2887 xime
304 2844 324 2887 a
348 2821 501 2911 reliquia
537 2817 777 2887 animantibus
802 2817 909 2885 homo
937 2819 1106 2904 differat,

181 2926 344 3028 etquare
371 2940 408 3004 in
434 2937 577 3006 eosdem
600 2938 793 3030 ,imperium
819 2937 992 3019 obtineat,
1019 2961 1110 3028 praa·

178 3044 319 3148 que'iis
345 3054 490 3146 polleat,
517 3058 597 3146 q'uis
622 3058 672 3123 ita
699 3075 818 3122 mente
836 3070 948 3136 caret,
975 3073 1112 3121 utnon

178 3174 382 3269 intelligat,
409 3177 588 3241 rationem
615 3175 832 3242 inhumana
866 3192 991 3240 natura
1028 3196 1107 3241 esse

181 3289 538 3383 praestantissimam?
566 3314 638 3358 non
664 3292 826 3383 profecto
852 3290 963 3357 robur
979 3313 1109 3382 corpo·

179 3410 230 3476 ris
255 3408 626 3500 neque'veloeitatem
657 3432 781 3500 ¹neque
817 3407 998 3476 sentiendi
1024 3411 1108 3476 vim.

182 3527 278 3614 Quin
318 3527 406 3595 adeo
442 3528 503 3594 vix
528 3527 600 3595 diei
624 3543 769 3621 potest,
802 3551 909 3620 quam
945 3526 1032 3595 seris
1072 3545 1110 3595 et

214 3734 250 3798 (a)
267 3736 355 3797 Nempe
371 3753 413 3800 ego
431 3741 473 3799 qni
492 3740 570 3799 recepi
587 3743 611 3782 et
627 3737 771 3785 Theodosius
788 3741 828 3800 qui
845 3738 930 3783 obtulit
947 3739 1090 3801 dignitatem.

1005 3896 1024 3937 B
