3284 5054
696 538 924 603 PRAEFATIO
1204 553 1235 593 tr

391 673 428 738 V.
449 677 487 737 In
508 678 568 736 hac
587 686 705 744 autern,
727 695 822 754 qnam
846 673 939 731 modo
959 669 1093 732 edimus.
1109 661 1278 726 'l’homietii
1295 664 1482 753 ngffing'lgs

355 773 504 833 Oratione
525 772 608 829 inest
629 767 753 847 prolixa
775 768 986 848 philosophia
1005 764 1168 831 laudatio,
1190 761 1281 818 culm
1296 767 1481 867 {fffsslpssffi

354 867 388 925 in
408 864 585 924 clientelam
608 868 670 923 iam
693 867 763 924 inde
783 886 801 925 a
823 863 932 943 pueris
954 880 1017 918 eese
1038 859 1153 916 Orator
1168 864 1277 911 contu·
1297 871 1376 909 mun.

354 959 444 1018 leret.
469 960 572 1034 Quum
586 959 668 1016 enim
686 962 908 1036 prefecturam
926 946 1280 1029 Constantinopolitano

355 1053 444 1114 urbis
476 1074 560 1113 anuo
582 1070 654 1133 post
681 1055 736 1114 Ch.
756 1055 795 1114 N.
816 1065 1003 1114 cccmxrv.
1027 1048 1209 1109 Theodosio
1231 1044 1281 1102 of·

354 1151 478 1209 ferente
491 1170 552 1208 nou
561 1167 737 1208 recusasset
751 1152 948 1212 Themistius
963 1145 1188 1226 (1)‚continu0
1206 1140 1280 1220 qui·

354 1244 425 1304 dam
448 1247 562 1304 minuti
586 1245 814 1306 obtrectatores
836 1246 996 1323 egregium
1024 1243 1128 1304 virum
1150 1249 1179 1296 ot
1201 1235 1280 1293 bene

352 1343 391 1398 de
425 1340 593 1416 republica
629 1340 842 1398 meritumin
879 1337 1030 1396 invidiam
1064 1339 1279 1396 vocaverunt,

354 1450 516 1515 tamquam
534 1438 558 1494 ei
574 1432 692 1495 relictis
714 1433 929 1513 philosophiae
944 1433 1043 1510 septis
1059 1431 1099 1489 ad
1113 1427 1279 1484 florentem

354 1531 482 1590 civilem
504 1531 600 1589 vitem
624 1528 857 1591 transuolnrset.
879 1530 1020 1603 Quorum
1052 1523 1106 1583 illc
1134 1519 1280 1582 mulcro·
1378 1531 1383 1540 '

355 1622 462 1682 lorum
486 1620 704 1685 sermunculos
724 1628 785 1707 hnc
807 1626 990 1707 grauissima
1011 1621 1162 1680 Oratione
1196 1633 1280 1675 oum·

357 1719 491 1794 pescuit.
511 1717 643 1778 Erectus
665 1722 789 1801 quippe
811 1722 862 1781 sui
884 1721 959 1780 facti
980 1716 1173 1777 conscientia
1188 1728 1279 1790 ptnne

352 1815 529 1873 innumeris
554 1821 748 1895 argumentis
769 1820 920 1887 ostendit,
942 1815 1004 1876 sibi
1026 1811 1129 1889 culpae
1150 1828 1212 1868 non
1233 1824 1283 1864 es·.

351 1914 617 1983 revertendum,
644 1918 730 1990 quod
751 1917 963 1975 inhonorum
993 1915 1095 1973 sedem
1128 1926 1280 1969 conscen-

353 2009 444 2068 derit.
465 2005 582 2066 Multos
605 2009 689 2068 enim
713 2031 797 2090 crepe
819 2011 979 2089 sapientes
1007 2004 1146 2086 publicar
1167 2001 1279 2063 salutis

353 2096 418 2162 non
439 2106 572 2180 privator
594 2106 712 2183 quietis
739 2110 894 2165 rationem
919 2125 988 2164 esse
1009 2113 1151 2163 secutos:
1178 2116 1279 2178 quum

352 2197 454 2277 probe
473 2196 671 2276 exploratum
693 2201 747 2271 sit,
767 2224 783 2260 a
806 2201 1000 2281 philosopho
1021 2200 1114 2258 etium
1136 2192 1280 2271 Principi

352 2311 420 2352 este
440 2294 640 2370 parendum,
661 2295 853 2374 reipublicae
875 2293 1123 2360 consulendum,
1144 2288 1280 2370 postsri·

353 2387 411 2443 tasi
435 2397 465 2443 et
486 2384 592 2464 glutire
615 2389 833 2448 serviendum.
854 2392 903 2450 Fit
925 2403 1032 2450 autem
1065 2386 1199 2465 obliqua
1232 2385 1280 2440 iu·

350 2483 450 2539 vectio
470 2483 609 2558 primum
632 2483 665 2539 in
687 2503 739 2542 eos
761 2486 817 2564 qui
839 2481 1105 2562 tranquillitatem
1128 2482 1202 2538 vitm
1222 2495 1279 2536 ou·

353 2575 462 2650 pidius
483 2588 662 2650 sectentur,
684 2581 882 2659 privatisque
912 2583 992 2639 ndeo
1024 2576 1138 2637 studiis
1172 2569 1279 2632 indul·

353 2678 429 2742 gent
445 2681 480 2723 ut
493 2672 710 2731 communium
727 2672 899 2732 officiorum
917 2675 1068 2732 dirimant
1083 2673 1278 2743 societatem·

355 2757 437 2817 'l'um
458 2765 517 2821 sub
539 2766 634 2823 finem
656 2767 816 2827 Orationis
838 2782 996 2828 ornatores
1017 2768 1148 2847 Epicuri
1163 2762 1279 2822 acriter

352 2851 556 2926 vellicatur,
569 2881 706 2939 quorum
722 2865 785 2923 vita
797 2863 888 2944 plena
902 2879 932 2922 et
948 2865 1089 2922 conferta
1105 2856 1281 2938 voluptati·

352 2945 413 3004 buu
436 2950 519 3008 nihil
549 2955 607 3011 nisi
635 2955 794 3015 abiectum
817 2971 849 3015 et
869 2957 992 3017 humile
1013 2959 1129 3017 babere
1159 2966 1275 3034 potest·

352 3043 475 3118 Quibus
495 3046 609 3108 sucatae
631 3053 847 3130 philosophice
879 3054 1046 3135 discipulis
1066 3056 1165 3113 vitam
1189 3069 1279 3109 susm

353 3158 416 3197 nou
432 3142 499 3198 sine
513 3140 608 3202 laude
623 3147 736 3226 inrigni
755 3149 958 3209 Themistius
969 3149 1118 3225 opponit.
1136 3147 1176 3204 Se
1191 3163 1280 3202 nem·

352 3253 395 3311 pe
426 3232 575 3312 plurimis
604 3235 819 3316 legationibus
855 3262 913 3320 pro
942 3238 1112 3319 republica
1130 3239 1277 3298 sunctum

354 3347 446 3394 esse,
467 3349 624 3388 annonam
647 3335 825 3394 rectissime
855 3337 1114 3401 administrasse,
1147 3351 1277 3395 censum

261 3506 263 3510 Α
350 3419 518 3499 publicum
540 3427 685 3494 auxisse,
706 3427 977 3501 adclamationes,
1000 3430 1195 3490 laudatorias
1223 3427 1278 3488 lit·

351 3529 435 3576 teras
457 3532 489 3576 et
509 3531 628 3579 statuas
648 3541 664 3579 a
688 3538 798 3583 senatu
821 3539 851 3584 et
871 3523 1074 3603 Principibus
1098 3527 1276 3595 meruisse,

350 3624 1284 3653 -....-...-.........-,.,.,-,,,,,-..

384 3686 420 3745 (tl
437 3690 496 3734 Vide
512 3692 540 3735 de
556 3707 617 3736 suno
643 3692 711 3738 buius
738 3703 806 3759 gesta
822 3692 974 3753 profectura,
1000 3709 1053 3756 que
1076 3707 1120 3740 nos
1136 3696 1235 3741 diuinus
1251 3696 1277 3740 iu

358 3773 421 3815 uotis
439 3774 468 3817 sd
479 3774 597 3819 Oretinms
612 3790 677 3837 eapp-
700 3787 736 3823 xl.
757 3788 781 3824 st
796 3787 848 3824 nv.
