3284 5054
663 574 674 582 ··
715 549 919 609 susci-:ers
1203 550 1240 610 61

356 685 499 752 leonem
525 701 586 750 aut
611 683 786 775 pardalim
813 702 936 776 captos
961 681 1100 750 retibus
1125 707 1199 751 non
1224 707 1285 751 oc·

357 804 521 885 uideret,
549 801 611 867 sed
637 802 733 868 serre
760 825 869 868 onera
907 800 1189 867 consuefaceret.
1216 802 1284 867 lta-

359 944 430 1012 que
456 943 550 986 nunc
579 919 754 986 accedunt
777 920 832 985 illi
857 921 976 1014 ignem
1003 919 1204 1009 spirantes,
1229 917 1286 984 illi

357 1038 528 1106 adversus
558 1062 744 1105 romanum
785 1060 917 1104 nomen
953 1036 1153 1128 asperiores
1188 1036 1285 1102 llan-

356 1155 504 1235 nibslc,
531 1158 635 1222 mites
660 1174 697 1221 ct
721 1157 860 1221 cicures
886 1177 966 1222 cunr
991 1156 1080 1246 ipsis
1106 1153 1213 1220 armis
1230 1173 1287 1219 sc-

357 1293 431 1340 met
456 1273 656 1353 tradentes,
683 1276 759 1340 sive
785 1272 953 1367 agricolis
978 1273 1067 1364 ipsis
1102 1273 1191 1340 velit
1233 1274 1286 1338 uti

355 1393 554 1483 Imperator
580 1396 655 1458 sive
681 1390 869 1458 militibus.
893 1394 960 1458 Tot
983 1412 1070 1458 vero
1086 1408 1285 1458 tantarum·

356 1533 426 1601 que
451 1510 664 1576 iniuriarum
689 1511 910 1576 conscientia
943 1531 1005 1576 eos
1044 1531 1116 1575 non
1152 1527 1285 1591 terret,

353 1649 473 1717 neque
499 1650 562 1718 spe
586 1627 712 1695 deiicis
737 1631 849 1715 venlae
874 1628 1145 1718 clementiaque
1170 1629 1285 1718 irnpe-

355 1744 490 1812 trandae
519 1744 564 1810 ab
603 1747 674 1827 iis,
700 1745 832 1837 quibus
872 1770 1043 1813 summam
1085 1747 1282 1837 perniciem

355 1864 472 1929 moliti
496 1883 588 1931 sunt.
614 1864 758 1956 Quippe
797 1865 973 1956 Principis
1013 1863 1130 1956 pietas
1172 1864 1283 1930 multo

355 1981 516 2047 securius
541 1981 636 2073 apud
667 1983 765 2075 ipsos
802 1984 1050 2075 impunitatem
1091 1983 1285 2051 criminum

357 2099 534 2191 spondet,
560 2124 713 2192 quorum
739 2099 809 2167 sibi
834 2100 972 2167 conscii
997 2119 1092 2169 sunt.

402 2219 528 2286 XXlll.
568 2221 624 2287 Sic
672 2238 784 2311 poetae
826 2221 927 2286 aiunt
969 2192 1133 2314 gigantes
1176 2220 1286 2289 alium

355 2336 462 2403 Marti
499 2338 607 2404 alium
632 2337 788 2409 Bellonae
827 2357 863 2404 et
893 2339 987 2405 lovis
1012 2338 1156 2404 fulmini
1179 2340 1285 2406 resti·

355 2455 441 2522 tisse
479 2454 543 2521 diu
579 2474 688 2546 atque
724 2474 889 2522 certasse.
932 2456 1064 2521 Verum
1104 2479 1285 2547 apparen-

344 2571 453 2638 tibus
491 2572 657 2664 Apolline
696 2590 732 2638 et
765 2571 944 2639 Mercurio
981 2573 1173 2641 iuvenibus
1207 2576 1284 2642 Diis

356 2708 394 2755 et
424 2689 584 2781 pulchris
604 2704 607 2709 '
625 2707 660 2756 et
685 2687 1024 2771 amabilibus„non
1051 2713 1140 2783 opus
1173 2693 1284 2761 fuisse

357 2805 527 2873 adversus
564 2809 727 2902 gigantes
766 2809 967 2904 sagittifero
992 2833 1096 2892 arcu,
1122 2810 1186 2879 sed
1210 2815 1285 2880 vir·

358 2948 402 3020 ga
439 2943 475 2992 et
513 2925 652 2994 cithara
691 2950 769 2996 esse
809 2928 991 2999 delinitos.
1016 2930 1078 3002 Hs
1115 2931 1284 2998 nimirum
1317 3011 1319 3015 ι

355 3037 515 3110 victoria
564 3044 708 3134 pietatis
748 3065 862 3128 sunt,
903 3051 933 3114 si
968 3048 1012 3115 de
1053 3049 1171 3115 medio
1211 3072 1285 3115 non

357 3160 461 3226 tollas
487 3160 551 3227 sed
575 3162 762 3231 meliorem
799 3166 930 3233 efficias
971 3189 1052 3233 eum
1079 3168 1142 3258 qui
1169 3170 1285 3236 victus

357 3297 424 3346 est.

357 3451 1276 3479 ----.-........-.,-,--,,,,

389 3521 425 3585 (4)
452 3523 528 3585 Pugna
553 3527 668 3586 gigantum
685 3542 736 3572 cum
758 3529 895 3576 Numinibus
911 3549 969 3577 ores
984 3538 1084 3595 imagine
1100 3552 1204 3597 expresse
1220 3541 1285 3586 vis·-

355 3605 422 3649 bstur
436 3622 448 3650 s
461 3611 556 3668 regions
573 3614 644 3655 euri·
657 3598 796 3671 Conlucent,
812 3620 870 3657 ueste
879 3614 1007 3660 Themistlo
1019 3616 1080 3661 Oret.
1089 3625 1146 3663 1111.
1155 3635 1178 3679 p.
1191 3623 1243 3676 17⁶.
1254 3620 1285 3668 D.

356 3684 458 3731 unvero
474 3691 502 3733 de
515 3705 593 3734 amors
616 3706 686 3753 quen
714 3695 800 3754 lnpitsr
823 3697 866 3740 ui
882 3711 895 3740 s
912 3698 1044 3759 gigantibus
1062 3700 1161 3747 inussit
1176 3704 1285 3765 legendus

358 3764 513 3826 Apollodorus
529 3768 639 3818 sitnon.
649 3775 668 3824 1.
677 3775 701 3820 6.
