3284 5054
564 606 767 669 suscEP‘ra
1048 615 1085 674 51

200 742 370 809 iuvenem
398 740 556 823 scilicet,
588 742 760 825 docilem,
787 742 1036 835 splendidum,
1065 771 1132 816 ex·

200 860 297 926 celsa
314 878 434 927 mente
452 861 639 951 praeditum
654 860 763 943 „hic,
789 861 819 928 ei
837 884 969 928 nomen
994 881 1132 933 tantum

200 978 653 1074 adiungeret,Theodosiua
667 998 721 1047 est
736 1005 841 1072 quem
857 982 917 1048 ille
929 998 1029 1073 optat
1045 1005 1130 1049 exo·

199 1098 282 1164 riri:
300 1123 417 1189 neque
440 1100 535 1165 enim
554 1099 645 1164 alius
662 1099 804 1188 potiora
821 1097 956 1164 indicia
972 1099 1128 1188 praefert.

201 1213 356 1301 Quodsi
380 1237 485 1307 quem
509 1215 570 1281 ilie
586 1235 733 1307 exoptat
749 1214 808 1281 hic
832 1233 910 1295 eat,
934 1218 1009 1283 voti
1035 1239 1132 1285 com·

200 1354 265 1424 pos
295 1334 409 1400 factus
451 1355 570 1399 nonne
614 1333 684 1400 sibi
721 1334 797 1400 eius
836 1333 1133 1403 consuetudinem

199 1452 363 1540 protinus
382 1446 607 1518 vindicaret?
634 1451 822 1539 Quomodo
848 1451 944 1518 enim
970 1476 1042 1520 non
1067 1453 1132 1521 ab·

197 1564 352 1635 horreta
368 1569 531 1651 Platone,
547 1592 654 1661 quem
666 1569 898 1668 vehementer
916 1574 1067 1661 querit,
1087 1596 1131 1640 eo

198 1683 346 1752 invento
363 1679 435 1754 non
449 1685 520 1754 uti?
541 1687 612 1756 Sub
626 1711 697 1780 quo
717 1687 886 1755 videlicet
899 1711 982 1782 rege
998 1688 1096 1782 leges
1110 1711 1130 1755 a

201 1803 416 1872 reconditas
433 1805 680 1873 uehementius
696 1803 877 1901 firmaret?
896 1805 967 1873 Sub
985 1830 1056 1898 quo
1075 1830 1130 1875 re-

201 1944 245 2016 ge
264 1923 467 1991 evidentius
491 1924 709 2005 ostenderet,
725 1927 859 2017 optime
876 1949 914 1992 se
932 1929 1130 2009 monuisse,

199 2041 238 2108 in
262 2066 398 2110 summo
422 2044 576 2136 imperio
601 2067 672 2112 non
692 2065 761 2111 tam
780 2067 911 2111 metum
928 2066 1033 2135 quam
1049 2067 1130 2112 aua·

203 2160 343 2228 tionem
361 2186 438 2230 esse
449 2161 705 2244 adhibendam,
720 2181 755 2229 et
772 2162 928 2257 gladium
942 2186 1047 2254 quam
1062 2163 1128 2230 mi·

200 2280 299 2348 nime
312 2279 570 2373 usurpandum?
580 2279 1130 2374 Atquihaecquotidiectspecta·

200 2421 278 2465 mut
311 2401 425 2465 oculis
457 2417 492 2466 et
518 2422 603 2467 aure
632 2403 860 2491 percipimus.
891 2402 979 2467 Nam
1013 2400 1130 2469 luctus

201 2515 304 2584 abeat
330 2517 567 2608 apraetoriis,
601 2537 637 2583 et
653 2515 840 2583 carnifices
863 2539 994 2582 nomen
1020 2519 1127 2584 inane

201 2655 303 2702 aunt:
328 2652 402 2702 tum
421 2634 599 2736 vocabpla
617 2634 752 2701 delatio
767 2653 802 2701 et
819 2637 999 2701 accusatio
1018 2653 1055 2702 et
1070 2637 1129 2702 in-

201 2750 336 2820 dicium
361 2755 510 2821 notione
537 2756 635 2821 omni
659 2754 730 2821 iam
759 2776 872 2845 prope
897 2772 1032 2822 carent.
1131 2844 1139 2854 ἢ

246 2872 353 2940 XVII.
378 2874 489 2941 Nemo
515 2876 585 2943 iam
602 2892 750 2942 veretur
766 2891 955 2941 cruentum
974 2891 1127 2965 quaeato·

199 3011 294 3072 rem,
322 2992 379 3058 vel
397 2994 610 3060 sceleratum
628 3010 850 3074 exactorem,
874 2991 933 3059 vel
952 3013 1126 3059 execran-

163 3147 165 3151 ·
197 3107 262 3177 dos
287 3112 559 3204 exploratores,
596 3113 653 3180 vel
677 3112 835 3202 denique
859 3112 965 3178 limos
992 3111 1127 3176 oculos·

197 3231 329 3298 Rumor
353 3252 472 3299 autem
498 3232 542 3299 ad
567 3256 670 3299 aures
695 3248 836 3298 nostras
853 3250 945 3322 caepe
968 3228 1126 3295 eiusmo-

101 3432 106 3438 .
198 3347 235 3416 di
261 3350 413 3418 accidit:
447 3350 507 3417 hic
538 3350 583 3418 ab
609 3351 718 3418 exilio
754 3372 923 3417 reversus
959 3365 1035 3429 est,
1061 3349 1125 3415 ille

198 3492 280 3537 auos
305 3472 398 3539 iares
434 3473 594 3564 recepit,
631 3473 740 3539 alium
773 3472 972 3564 Imperator
1004 3470 1126 3564 legiti-

200 3610 256 3654 ma
282 3611 396 3658 morte
426 3592 629 3659 dantnatum
656 3592 849 3672 liberavit,
880 3591 943 3658 alii
968 3614 1125 3657 annuum

200 3763 257 3806 olim
273 3767 302 3807 d·
312 3768 448 3810 constantio
459 3764 514 3810 Oret
538 3773 579 3808 111.
597 3782 620 3825 p.
638 3764 714 3824 4⁶.A.
731 3773 753 3808 et
770 3771 806 3808 lv.
824 3762 950 3810 imbue
966 3778 1014 3810 non
1031 3766 1060 3810 dt
1075 3765 1125 3810 Va·

202 3843 263 3888 tent·
278 3845 341 3890 Orat.
350 3854 407 3892 vlu.
416 3863 468 3910 m.
480 3850 535 3895 105.
544 3846 569 3890 Ι.
