3284 5054
554 498 766 557 resonant
1052 507 1091 582 ³9
1220 496 1224 504 ’

203 632 381 718 mandati
419 631 672 717 exsecutione
717 633 980 734 abstinuisse;
1020 638 1133 721 Cleo·

202 767 372 882 nymum
410 792 541 856 autern
581 773 728 854 horum
765 773 944 857 utilitatis
980 798 1132 861 tantam

203 935 342 992 curam
370 909 573 1020 gessisse,
612 932 656 991 ut
694 931 733 991 et
769 910 1023 1023 Posidippo,
1061 913 1132 1025 qui

201 1047 434 1129 mandamm
469 1048 734 1162 neglexisset,
781 1049 1045 1146 irasceretur,
1092 1072 1144 1143 et,

199 1186 420 1283 Dioclem,
458 1210 501 1267 ut
538 1187 826 1271 incrastinum
857 1209 1018 1274 vocaret
1050 1219 1132 1272 ma·

203 1324 436 1438 gistratum,
466 1348 662 1438 rogaret..
793 1368 797 1373 ·

255 1469 345 1549 XII.
365 1467 485 1569 Quod
513 1464 569 1561 si,
599 1492 624 1545 o
653 1463 762 1561 Viri,
789 1482 1023 1551 testamento
1052 1466 1131 1552 illis

198 1604 403 1715 legaverat
432 1603 677 1714 Cleonymus
713 1603 944 1701 facultates,
973 1626 1017 1687 ut
1052 1604 1131 1718 ipsi

200 1740 332 1837 aiunt3
353 1741 500 1823 mirum
529 1741 629 1824 mihi
659 1742 836 1839 videtur,
857 1743 963 1857 quod
993 1773 1130 1831 emen·

199 1878 356 1975 dando,
385 1876 541 1962 firmius
578 1879 678 1963 illud
705 1909 748 1963 se
772 1878 1023 1965 'effecturum
1052 1884 1132 1965 exi·

198 2016 429 2100 stimaverit.
447 2088 450 2093 .
470 2018 630 2132 Reliqui
672 2017 781 2102 enim
817 2017 1003 2102 homines
1036 2048 1129 2102 cum

61 2218 65 2225 -
198 2150 478 2241 testamentum
508 2155 778 2275 scripserunt,
799 2154 924 2239 finem
951 2157 1129 2240 donandi

198 2293 338 2380 fecisse
367 2317 519 2410 putant
560 2297 680 2403 Quod
719 2295 754 2377 si
795 2295 944 2378 addere
977 2295 1130 2409 aliquid

200 2434 282 2519 iam
321 2434 480 2549 scriptis
509 2434 659 2526 voluit,
692 2461 764 2515 cur
802 2434 1007 2516 codicillos
1045 2463 1129 2517 nou

197 2573 397 2657 condidit?
408 2574 600 2689 quoniam
616 2573 748 2685 ipsum
763 2570 988 2655 testamenti
999 2601 1129 2655 esem·

122 2806 127 2812 ,
198 2712 289 2821 plar
315 2742 340 2794 a
368 2714 665 2828 magistratibus
694 2713 853 2796 auferre
881 2740 965 2793 non
991 2734 1129 2826 potue-

198 2867 270 2929 rat.
315 2849 364 2939 Et
410 2842 572 2934 abolere
619 2850 781 2965 quidem
829 2847 989 2933 nonnisi
1038 2878 1128 2933 eam

198 2984 438 3100 scripturam
476 3009 658 3103 poterat,
698 3019 820 3105 quam
859 2991 967 3101 apud
1000 2987 1128 3100 magi·

198 3117 346 3208 stratus
374 3127 633 3239 deposuerat;
663 3129 808 3213 licebat
830 3151 965 3215 tamen
994 3127 1126 3209 eidem
1210 3224 1213 3233 Ι

197 3264 318 3347 aliam
347 3266 546 3364 condere,
583 3266 617 3348 si
651 3266 915 3362 collibuisset,
944 3293 1126 3348 omnem·

198 3434 277 3518 que
302 3405 421 3489 nobis
441 3405 484 3487 in
504 3424 709 3519 posterum
729 3402 1044 3489 controversiam
1075 3405 1125 3487 de

198 3542 333 3628 medio
360 3544 512 3629 tollere.
1056 3544 1059 3549 ’
