3284 5054
399 511 450 573 ’σο
756 505 921 569 neem
1047 480 1051 489 '

366 649 420 695 Ast.
461 648 499 693 Se.
543 659 568 690 v.

377 762 419 831 V.
465 758 733 829 1..23.AL1v1)
758 761 795 828 SI
821 757 991 829 SCIREM.
1010 757 1044 826 Si
1062 756 1196 825 scirem
1221 781 1298 828 rem

647 903 754 976 egere
789 881 988 960 maiorem,
1016 901 1087 970 qus
1114 877 1194 968 plus
1220 899 1299 945 cre-

644 997 751 1066 derer
775 1020 882 1090 qusm
900 1021 944 1066 ex
962 996 1208 1076 iureiurando,
1233 1018 1300 1088 per

499 1161 503 1169 ·
645 1116 746 1184 illam
771 1140 846 1183 rem
873 1116 1089 1207 pollicerer,
1123 1114 1209 1206 quia
1242 1137 1299 1182 se·

549 1325 553 1332 .
647 1239 793 1332 gregsvi
819 1258 839 1303 a
865 1258 920 1301 me
944 1231 1181 1326 Pamphilum.

522 1357 578 1425 33.
602 1354 793 1424 MERITVS
819 1354 875 1421 DE
901 1352 963 1419 ME
988 1353 1077 1422 EST.
1094 1355 1194 1443 Saepe
1210 1346 1299 1416 mihi

645 1472 742 1541 bons
764 1472 902 1540 intulit.
927 1472 1072 1563 AEquum
1097 1486 1214 1538 estut
1239 1492 1298 1536 re·

643 1591 791 1658 stituam
816 1590 850 1657 ei
876 1588 1060 1658 mercedes
1100 1586 1300 1656 secundum

645 1730 750 1799 posse
788 1730 904 1774 meum
934 1705 1132 1775 auferendo
1169 1705 1214 1773 sb
1251 1728 1296 1774 eo

649 1822 778 1890 malem
803 1824 1057 1915 suspicionem.

520 1944 576 2028 34.
599 1939 758 2008 Audiens
782 1938 916 2008 Laches
933 1940 1029 2033 quod
1048 1942 1176 2013 falsum
1201 1959 1299 2012 esset

649 2057 746 2151 quod
775 2058 1026 2151 suspicabatur
1051 2060 1095 2128 de
1119 2058 1195 2128 filio
1231 2084 1297 2128 suo

644 2195 680 2245 et
702 2177 902 2260 Bacchide,
941 2196 978 2247 et
1014 2178 1111 2270 quod
1132 2176 1297 2246 'minime
1361 2222 1367 2235 ·

646 2294 794 2365 Bacchis
831 2295 927 2365 hanc
967 2296 1113 2366 fecisset
1156 2295 1296 2364 discor-

645 2413 763 2499 diam,
790 2415 851 2484 ait.

433 2558 472 2624 ¹2.
524 2535 574 2602 13.
599 2534 735 2603 FALSO
759 2532 1019 2615 CBEDIDISSE.
1059 2532 1164 2621 Quod
1190 2550 1295 2625 puta·

646 2653 710 2722 bat
746 2654 844 2747 quod
867 2653 962 2721 filius
987 2676 1085 2720 meus
1110 2654 1295 2746 recipere·

645 2788 703 2838 tur
729 2771 767 2839 in
784 2771 928 2839 domum
953 2769 1142 2841 Bacchidis
1158 2793 1194 2844 et
1209 2774 1292 2844 ideo

642 2889 718 2956 eius
744 2889 951 2982 reliquisset
975 2888 1098 2961 filiam.

622 3009 834 3077 Cssuoeivs
858 3030 1047 3080 escensu.

696 3372 967 3449 PHORMIQ

409 3604 499 3670 Huic
522 3605 657 3711 Fahulae
676 3609 898 3694 praefiguntur
920 3606 956 3673 in
987 3603 1103 3673 Codice
1126 3617 1200 3673 octo
1212 3623 1294 3691 per·

364 3724 477 3791 eonati
501 3727 609 3792 vultus
631 3725 674 3792 ab
696 3723 794 3798 editis
812 3723 942 3793 diversi.
