3284 5054
689 491 916 556 PRAEFATIO
1168 499 1227 560 '13

350 625 647 697 inveniendarum
665 626 923 719 probationum
932 627 993 697 vix
1009 630 1160 722 peritius
1172 634 1270 726 quis-

351 769 473 839 quam·
491 746 657 814 calluisse
690 744 864 814 videatur.
893 748 1139 817 Ratiocinatur
1173 753 1270 822 enim

352 887 445 957 sape
482 888 502 932 a
538 869 744 953 contrario,
782 894 802 938 n
833 868 969 935 minore
1007 867 1051 936 ud
1080 869 1219 953 maius,
1249 894 1293 938 a·

351 984 486 1064 simili,
511 1006 532 1050 s
555 986 705 1076 pari‚a
740 987 968 1056 coniecturis.
1005 985 1189 1079 Quidquid
1211 989 1271 1057 vel

351 1098 546 1193 ipse‘dicit
567 1103 626 1171 vel
650 1102 907 1187 Adversarius,
933 1124 1181 1199 argumentum
1204 1128 1271 1197 pro
1305 1100 1308 1105 ’

352 1241 391 1286 se
416 1218 663 1288 sollertissime
679 1220 764 1289 inde
780 1224 884 1314 rupit
913 1220 1163 1291 Adversariurn
1181 1245 1272 1314 quo-

352 1358 425 1427 que
458 1335 598 1405 inducit
635 1337 772 1430 ipsum
792 1361 830 1405 se
860 1336 1102 1430 refutantem:
1121 1367 1125 1378 ·
1142 1337 1272 1407 dilem-

354 1474 481 1534 mata,
521 1451 800 1543 enthymematu-
829 1469 866 1520 et
904 1452 1081 1521 eiusmodi
1125 1456 1271 1525 technas

349 1571 594 1640 versutissime
619 1587 767 1662 usurpat
782 1587 845 1653 ,et
861 1570 1005 1637 omnino
1022 1570 1273 1642 Adversarium

352 1707 389 1756 et
412 1687 508 1778 ipsos
534 1683 672 1754 ludices
689 1689 861 1780 opprimit
880 1707 1168 1784 argumentorum
1184 1702 1272 1759 eon·

351 1807 474 1900 geris:
497 1801 604 1870 homo
630 1803 675 1872 ad
704 1805 983 1902 excogitandum
1010 1807 1272 1894 acutissimus,

351 1922 399 1991 ad
432 1922 656 2016 probandum
694 1923 1009 2008 evidentissimus,
1045 1926 1090 1993 sd
1126 1928 1274 1996 conclu·

351 2038 506 2109 dcndum
528 2043 737 2111 acerrimus.
764 2043 858 2129 Quin
883 2060 919 2110 et
943 2065 1024 2111 cum
1060 2044 1151 2137 ipsis
1175 2044 1273 2114 ludi·

354 2156 456 2227 cibus
483 2156 610 2251 (quod
645 2156 734 2227 item
759 2157 844 2226 olim
879 2159 1072 2250 Dionysius
1106 2161 1271 2246 notavit)

352 2277 471 2371 iurgio
496 2276 764 2357 certatlsaeus,
789 2273 950 2367 adeoque
974 2275 1048 2344 suis
1072 2276 1273 2346 rationibus

351 2393 493 2463 videtur
517 2390 720 2475 confidere,
747 2408 788 2460 ut
825 2393 895 2461 nisi
927 2392 1066 2460 ludices
1106 2393 1177 2462 sibi
1211 2394 1274 2461 ad·

353 2512 580 2592 sentiuntur,
605 2532 666 2577 eos
691 2511 913 2602 iniquiores,
953 2533 1059 2603 quam
1098 2511 1275 2580 Adversa·

354 2630 456 2709 rios,
482 2625 653 2696 audacter
675 2645 858 2722 coarguat.
883 2627 1048 2703 Ceterum
1073 2629 1110 2694 in
1135 2630 1221 2697 lsaeo
1245 2630 1275 2697 si

360 2746 575 2813 elocutionis
600 2761 835 2827 structuram,
859 2762 895 2813 et
919 2742 1064 2813 dicendi
1081 2744 1222 2828 modos,
1240 2764 1277 2815 et

355 2860 587 2956 periodorum
611 2862 875 2944 connexiones,
899 2885 966 2930 nec
990 2887 1064 2932 nou
1097 2866 1276 2935 oratorios

358 2980 530 3047 transitus
554 2977 734 3046 adtentius
765 2977 998 3062 consideres3
1029 2983 1195 3051 lsocratit
1220 2981 1276 3050 di-

358 3096 536 3190 scipulum
560 3095 667 3163 facile
695 3097 844 3164 senties:
881 3098 938 3167 sin
976 3097 1088 3166 verba
1111 3117 1275 3168 contorta

357 3231 395 3282 et
419 3215 606 3294 aculeata,
642 3213 803 3280 concisas
838 3213 1058 3293 sententias,
1094 3215 1275 3301 sonitum,

355 3332 453 3414 vim3
482 3327 734 3400 Demosthenis
769 3329 978 3425 magistrum
1013 3326 1139 3398 audire
1174 3330 1276 3401 vide·

275 3478 278 3483 ’
354 3448 465 3519 beris.
488 3449 539 3517 Ita
565 3466 682 3518 tamen
705 3463 747 3514 ut
767 3447 846 3540 ipse
882 3446 1139 3517 Demosthenes
1162 3450 1282 3546 magi·-

357 3568 422 3663 stri
446 3567 685 3661 gracilitatem
709 3563 839 3634 obruat
861 3563 1050 3635 altitudine
1089 3583 1125 3634 et
1161 3569 1271 3637 maie-

357 3701 447 3754 state
473 3686 644 3755 orstionis
667 3708 751 3754 sue.
766 3684 931 3780 Denique
945 3708 1050 3755 nemo
1065 3708 1140 3754 uon
1153 3687 1269 3767 novit,
