3284 5054
557 574 599 634 44
727 550 1228 616 unsvronrmonvnsnos

515 841 609 904 Prolog.
635 854 669 888 n,
693 809 748 881 36·
772 806 1036 880 STATARlAM·
1072 809 1193 877 Standi
1230 806 1443 889 licentiam,

798 926 836 994 id
855 945 909 994 est
925 928 1115 994 stationem
1132 949 1247 994 meam
1267 925 1444 1016 tranquil·

794 1046 866 1112 lam
892 1047 929 1113 in
946 1050 1062 1112 'scena
1097 1045 1227 1124 facite,
1257 1063 1296 1111 ut
1320 1044 1444 1111 audia-

797 1182 855 1230 tur
880 1187 957 1230 mea
984 1161 1116 1229 fabula.v

693 1305 748 1376 47.
774 1282 818 1352 IN
829 1283 1075 1369 VTRAMQVE
1088 1281 1274 1349 PARTEM.
1287 1281 1328 1348 Et
1341 1282 1377 1348 in
1390 1281 1443 1347 fa·

791 1402 888 1470 bulis
904 1399 1162 1494 componendis
1174 1398 1337 1475 honeste,
1358 1400 1444 1466 etin

791 1520 1011 1588 carminibus
1028 1520 1180 1587 aliorum
1197 1517 1432 1612 corrigendis.

513 1670 567 1715 Aet.
601 1668 640 1715 Se.
690 1683 715 1713 v.

528 1763 556 1827 Ι.
601 1783 629 1827 1.
681 1781 711 1825 1.
735 1755 987 1825 Menedemum
1014 1777 1135 1821 senem
1162 1778 1200 1822 se
1226 1755 1437 1823 excrucian-

792 1892 862 1940 tem
902 1875 939 1940 in
975 1894 1060 1968 agro
1097 1891 1245 1965 propter
1282 1873 1440 1940 dolorem

790 1990 856 2059 lilii
882 1992 1080 2082 alloquitur
1103 1991 1154 2059 ita
1180 1990 1361 2059 Chremes.

560 2135 638 2186 22·
690 2134 719 2178 1.
743 2109 896 2178 Rediens
922 2109 1091 2178 Chremes
1109 2132 1128 2175 a
1145 2109 1359 2177 Menedemo
1384 2111 1440 2176 in·

787 2228 892 2297 venit¹
906 2228 942 2296 in
958 2228 1065 2295 domo
1082 2252 1144 2295 sua
1157 2229 1307 2296 Cliniam
1326 2227 1439 2295 filium

788 2346 992 2414 Menedemi
1017 2348 1226 2439 loquentem
1256 2371 1335 2415 curn
1362 2348 1437 2414 Cli·

785 2464 934 2557 tiphone
959 2464 1035 2533 lilio
1060 2489 1137 2533 suo.

665 2619 671 2630 ·
742 2583 939 2653 CESSANT.
957 2583 1100 2654 Scilicet
1112 2583 1235 2652 venire
1251 2583 1438 2677 Antiphila

789 2721 826 2769 et
843 2703 897 2768 illi
914 2704 976 2795 qui
993 2726 1060 2796 pro
1076 2703 1153 2795 ipsa
1173 2703 1269 2768 missi
1284 2703 1437 2771 fuerant.

497 2821 555 2889 ·ll.
576 2901 583 2919 Ι
607 2842 634 2887 r.
686 2841 713 2886 1.
739 2819 899 2911 Clitipho
923 2820 1131 2890 adolescens
1148 2844 1269 2888 secum
1296 2841 1436 2913 patrem

785 2959 982 3031 omnesque
1006 2960 1109 3007 senes
1135 2939 1435 3032 reprehendebat.

600 3079 632 3125 a.
684 3080 711 3125 r.
737 3056 913 3124 Tristatur
938 3057 1054 3133 Clinia
1080 3059 1245 3152 eoquod
1278 3036 1435 3127 tardaret

781 3176 909 3244 venire
951 3178 1028 3245 eius
1070 3197 1183 3247 amata
1225 3176 1432 3268 Antiphila,

782 3295 878 3364 unde
903 3296 1063 3389 loquitur
1087 3322 1167 3365 cnm
1192 3295 1409 3386 Clitiphone.

568 3450 575 3463 ·
601 3415 632 3479 3.
683 3436 711 3481 1.
739 3414 779 3481 ln
797 3414 981 3482 redeundo
994 3418 1100 3504 Syrus
1116 3410 1333 3503 loquebatur
1350 3432 1431 3477 cum

780 3527 1430 3619 Dromone,etestsbruptasententiass

678 3665 731 3734 40.
757 3646 829 3713 VBl
859 3649 916 3714 DE
952 3646 1204 3714 IMPROVISO.
1235 3644 1301 3712 Vbi
1337 3669 1429 3714 nun·

776 3765 904 3834 tiatum
919 3763 989 3834 hoc
1003 3764 1073 3834 fuit
1086 3764 1206 3835 subito
1224 3764 1427 3860 Antiphile.
