3284 5054
569 560 782 620 cmoritur
1063 564 1101 640 ⁵7

218 695 258 778 Si
281 694 401 809 igitur
421 692 627 778 accidisset
645 717 688 776 ut
713 695 957 805 Cleonymus
977 694 1145 794 viveret,

218 860 354 920 nostra
387 859 519 918 autem
557 857 624 916 aut
651 836 984 919 Adversariorum
1005 838 1147 919 domus

159 1021 164 1032 ·
218 976 391 1058 dominis
420 978 657 1071 orbaretur3
686 973 933 1056 considerate
964 998 1147 1059 utrorum

217 1115 462 1226 Cleonymus
482 1116 600 1197 heres
618 1110 742 1197 fieret.
767 1116 937 1226 AEquum
959 1114 1068 1195 enim
1088 1136 1148 1197 est

216 1255 323 1335 bona
343 1253 450 1336 illins
472 1255 523 1335 ad
541 1282 608 1335 eos
626 1253 831 1349 devenire,
849 1254 1032 1366 aquibus
1051 1254 1146 1337 item

216 1393 323 1474 bona
342 1392 410 1474 ille
424 1414 526 1474 esset
544 1412 836 1474 consecuturus.
852 1395 991 1504 Itaque
1002 1392 1034 1474 si
1046 1393 1147 1473 Phe·

108 1517 110 1521 ’
215 1529 375 1612 renicus
396 1553 464 1629 aut
483 1528 625 1642 aliquis
644 1529 728 1611 eius
750 1529 920 1613 fratrum
951 1530 1144 1614 extinctus

216 1691 336 1762 esset,
359 1664 429 1750 filii
451 1668 587 1781 utique
601 1696 760 1765 eorum,
782 1698 863 1750 non
881 1670 1140 1779 Cleonymus,

215 1807 364 1890 relictae
384 1807 444 1889 rei
471 1806 693 1890 dominium
714 1807 961 1890 invasissent.
991 1808 1141 1889 Contra

216 1945 248 2027 si
268 1974 341 2029 nos
358 1975 404 2028 ea
425 1945 505 2029 fata
524 1944 805 2042 abivissemus,
828 1947 1073 2057 Cleonymus
1094 1973 1143 2027 ex

216 2112 301 2167 asse
326 2087 442 2167 heres
467 2085 613 2168 luisset.
642 2086 785 2198 Neque
805 2085 912 2168 enim
939 2085 1055 2167 nobis
1079 2103 1146 2166 aut

214 2223 336 2308 liberi
355 2242 449 2307 sunt
467 2247 535 2307 aut
555 2225 622 2308 alii
645 2224 889 2339 propinqui:
919 2222 988 2305 ille
1013 2242 1145 2305 autem

216 2391 365 2478 genere
384 2364 589 2478 proximus
608 2387 646 2448 et
667 2393 739 2447 usu
760 2393 845 2477 prae
875 2363 1060 2445 omnibus
1085 2360 1145 2444 la·

193 2572 196 2577 .
214 2503 399 2586 miliaris:
419 2532 543 2615 quare
558 2525 596 2586 et
612 2505 721 2615 leges
736 2501 998 2611 hereditatem
1012 2501 1143 2582 eidem

217 2642 538 2726 adiudicassent:
579 2643 704 2723 immo
734 2639 912 2753 nosipsi
942 2639 1144 2723 neminem

217 2780 340 2863 alium
369 2780 562 2864 eiusmodi
592 2780 774 2897 largitate
797 2770 1028 2864 donandum
1049 2807 1141 2862 cen·

218 2917 441 3002 suissemus.
469 2920 613 3037 Neque
640 2921 748 3003 enim
777 2921 955 3004 viventes
979 2919 1145 3032 quidem

217 3055 273 3138 ita
307 3059 531 3171 Cleonymo
559 3061 620 3142 rei
667 3084 813 3145 nostrae
848 3060 1023 3145 rationes
1066 3079 1147 3142 tra·

220 3195 489 3295 didissemus,
520 3218 563 3277 ut
591 3197 632 3279 in
663 3200 833 3312 negotiis
864 3199 1035 3313 agundis
1071 3195 1146 3282 fir-

218 3336 324 3420 mior
353 3335 439 3419 eius
468 3359 569 3419 esset
597 3340 791 3421 sententia
826 3367 945 3452 quam
977 3357 1145 3435 nostra3

167 3499 169 3504 ·
219 3475 438 3561 morientes
467 3501 598 3560 autem
636 3477 735 3560 alios
772 3479 941 3561 heredes
969 3477 1145 3562 scribere

223 3616 530 3716 maluissemus,
578 3646 699 3733 quam
748 3616 929 3707 omnium
975 3616 1146 3702 maximo
