<?xml version="1.0" encoding="UTF-8"?>
<!DOCTYPE html PUBLIC "-//W3C//DTD XHTML 1.0 Transitional//EN"
    "http://www.w3.org/TR/xhtml1/DTD/xhtml1-transitional.dtd">
<html xmlns="http://www.w3.org/1999/xhtml" xml:lang="en" lang="en">
 <head>
  <title>
</title>
<meta http-equiv="Content-Type" content="text/html;charset=utf-8" />
  <meta name='ocr-system' content='tesseract 3.04.00' />
  <meta name='ocr-capabilities' content='ocr_page ocr_carea ocr_par ocr_line ocrx_word'/>
</head>
<body>
  <div class='ocr_page' id='page_1' title='image "./fragmentainedit00maigoog_0168.png"; bbox 0 0 3284 5054; ppageno 0'>
   <div class='ocr_carea' id='block_1_1' title="bbox 577 515 1096 595">
    <p class='ocr_par' dir='ltr' id='par_1_1' title="bbox 577 515 1096 595">
     <span class='ocr_line' id='line_1_1' title="bbox 577 515 1096 595; baseline 0 -20"><span class='ocrx_word' id='word_1_1' title='bbox 577 515 782 577; x_wconf 77' lang='lat' dir='ltr'>susurrus</span> <span class='ocrx_word' id='word_1_2' title='bbox 1057 538 1096 595; x_wconf 65' lang='grc' dir='ltr'><strong><em>η</em></strong></span> 
     </span>
    </p>
   </div>
   <div class='ocr_carea' id='block_1_2' title="bbox 105 652 1244 3258">
    <p class='ocr_par' dir='ltr' id='par_1_2' title="bbox 105 652 1244 3258">
     <span class='ocr_line' id='line_1_2' title="bbox 262 652 1139 750; baseline -0.001 -26"><span class='ocrx_word' id='word_1_3' title='bbox 262 659 318 726; x_wconf 90' lang='lat' dir='ltr'>lll.</span> <span class='ocrx_word' id='word_1_4' title='bbox 331 657 443 724; x_wconf 82' lang='lat' dir='ltr'>Aliam</span> <span class='ocrx_word' id='word_1_5' title='bbox 457 656 553 724; x_wconf 86' lang='lat' dir='ltr'>viam</span> <span class='ocrx_word' id='word_1_6' title='bbox 569 656 750 750; x_wconf 76' lang='lat' dir='ltr'>ingressus</span> <span class='ocrx_word' id='word_1_7' title='bbox 763 671 816 722; x_wconf 87' lang='lat' dir='ltr'>est</span> <span class='ocrx_word' id='word_1_8' title='bbox 828 653 1047 724; x_wconf 84' lang='lat' dir='ltr'>Aristoteles.</span> <span class='ocrx_word' id='word_1_9' title='bbox 1064 652 1139 723; x_wconf 83' lang='lat' dir='ltr'>Etsi</span> 
     </span>
     <span class='ocr_line' id='line_1_3' title="bbox 215 772 1138 868; baseline -0.002 -22"><span class='ocrx_word' id='word_1_10' title='bbox 215 798 335 846; x_wconf 85' lang='lat' dir='ltr'>autem</span> <span class='ocrx_word' id='word_1_11' title='bbox 362 778 422 844; x_wconf 88' lang='lat' dir='ltr'>hic</span> <span class='ocrx_word' id='word_1_12' title='bbox 447 778 567 849; x_wconf 80' lang='lat' dir='ltr'>multis</span> <span class='ocrx_word' id='word_1_13' title='bbox 592 776 858 868; x_wconf 84' lang='lat' dir='ltr'>&#39;subtilibusque</span> <span class='ocrx_word' id='word_1_14' title='bbox 879 772 1138 868; x_wconf 70' lang='lat' dir='ltr'>quaestionibus</span> 
     </span>
     <span class='ocr_line' id='line_1_4' title="bbox 214 887 1244 990; baseline -0.005 -23"><span class='ocrx_word' id='word_1_15' title='bbox 214 917 326 967; x_wconf 80' lang='lat' dir='ltr'>semet</span> <span class='ocrx_word' id='word_1_16' title='bbox 342 899 514 990; x_wconf 79' lang='lat' dir='ltr'>implicat.</span> <span class='ocrx_word' id='word_1_17' title='bbox 530 917 646 965; x_wconf 87' lang='lat' dir='ltr'>tameo</span> <span class='ocrx_word' id='word_1_18' title='bbox 673 897 751 964; x_wconf 86' lang='lat' dir='ltr'>eius</span> <span class='ocrx_word' id='word_1_19' title='bbox 783 896 897 964; x_wconf 86' lang='lat' dir='ltr'>omnis</span> <span class='ocrx_word' id='word_1_20' title='bbox 914 894 1078 963; x_wconf 85' lang='lat' dir='ltr'>tractatio</span> <span class='ocrx_word' id='word_1_21' title='bbox 1103 887 1140 962; x_wconf 82' lang='lat' dir='ltr'>ut</span> <span class='ocrx_word' id='word_1_22' title='bbox 1242 973 1244 977; x_wconf 23' lang='lat'>¹</span> 
     </span>
     <span class='ocr_line' id='line_1_5' title="bbox 214 1015 1138 1114; baseline -0.005 -25"><span class='ocrx_word' id='word_1_23' title='bbox 214 1021 321 1114; x_wconf 80' lang='lat' dir='ltr'>longa</span> <span class='ocrx_word' id='word_1_24' title='bbox 340 1020 581 1087; x_wconf 88' lang='lat' dir='ltr'>circumitioe</span> <span class='ocrx_word' id='word_1_25' title='bbox 609 1017 743 1087; x_wconf 85' lang='lat' dir='ltr'>linibus</span> <span class='ocrx_word' id='word_1_26' title='bbox 766 1016 928 1087; x_wconf 74' lang='lat' dir='ltr'>humana</span> <span class='ocrx_word' id='word_1_27' title='bbox 952 1015 1138 1084; x_wconf 86' lang='lat' dir='ltr'>felicitatis</span> 
     </span>
     <span class='ocr_line' id='line_1_6' title="bbox 213 1134 1138 1224; baseline -0.005 -18"><span class='ocrx_word' id='word_1_28' title='bbox 213 1163 286 1206; x_wconf 90' lang='lat' dir='ltr'>nou</span> <span class='ocrx_word' id='word_1_29' title='bbox 320 1141 476 1219; x_wconf 75' lang='lat' dir='ltr'>excedit,</span> <span class='ocrx_word' id='word_1_30' title='bbox 508 1142 615 1206; x_wconf 88' lang='lat' dir='ltr'>immo</span> <span class='ocrx_word' id='word_1_31' title='bbox 647 1137 684 1203; x_wconf 91' lang='lat' dir='ltr'>in</span> <span class='ocrx_word' id='word_1_32' title='bbox 710 1136 802 1204; x_wconf 86' lang='lat' dir='ltr'>hauc</span> <span class='ocrx_word' id='word_1_33' title='bbox 835 1135 1005 1204; x_wconf 86' lang='lat' dir='ltr'>collineat</span> <span class='ocrx_word' id='word_1_34' title='bbox 1032 1134 1138 1224; x_wconf 85' lang='lat' dir='ltr'>eique</span> 
     </span>
     <span class='ocr_line' id='line_1_7' title="bbox 212 1254 1139 1327; baseline -0.009 -1"><span class='ocrx_word' id='word_1_35' title='bbox 212 1258 437 1327; x_wconf 68' lang='lat' dir='ltr'>adherectx</span> <span class='ocrx_word' id='word_1_36' title='bbox 453 1259 530 1324; x_wconf 86' lang='lat' dir='ltr'>eius</span> <span class='ocrx_word' id='word_1_37' title='bbox 542 1257 637 1323; x_wconf 90' lang='lat' dir='ltr'>euim</span> <span class='ocrx_word' id='word_1_38' title='bbox 655 1258 829 1326; x_wconf 83' lang='lat' dir='ltr'>sententia</span> <span class='ocrx_word' id='word_1_39' title='bbox 840 1254 992 1323; x_wconf 84' lang='lat' dir='ltr'>felicitas</span> <span class='ocrx_word' id='word_1_40' title='bbox 1003 1274 1139 1320; x_wconf 86' lang='lat' dir='ltr'>summa</span> 
     </span>
     <span class='ocr_line' id='line_1_8' title="bbox 207 1377 1139 1474; baseline 0 -30"><span class='ocrx_word' id='word_1_41' title='bbox 207 1379 245 1445; x_wconf 90' lang='lat' dir='ltr'>in</span> <span class='ocrx_word' id='word_1_42' title='bbox 260 1402 326 1446; x_wconf 88' lang='lat' dir='ltr'>usu</span> <span class='ocrx_word' id='word_1_43' title='bbox 343 1377 487 1446; x_wconf 88' lang='lat' dir='ltr'>virtutis</span> <span class='ocrx_word' id='word_1_44' title='bbox 504 1377 667 1442; x_wconf 72' lang='lat' dir='ltr'>consistit</span> <span class='ocrx_word' id='word_1_45' title='bbox 692 1401 758 1468; x_wconf 89' lang='lat' dir='ltr'>per</span> <span class='ocrx_word' id='word_1_46' title='bbox 775 1399 913 1443; x_wconf 89' lang='lat' dir='ltr'>omnem</span> <span class='ocrx_word' id='word_1_47' title='bbox 932 1377 1076 1474; x_wconf 71' lang='lat' dir='ltr'>uitam,</span> <span class='ocrx_word' id='word_1_48' title='bbox 1102 1393 1139 1444; x_wconf 88' lang='lat' dir='ltr'>et</span> 
     </span>
     <span class='ocr_line' id='line_1_9' title="bbox 208 1485 1177 1587; baseline -0.001 -22"><span class='ocrx_word' id='word_1_49' title='bbox 208 1498 246 1567; x_wconf 89' lang='lat' dir='ltr'>iu</span> <span class='ocrx_word' id='word_1_50' title='bbox 264 1501 389 1567; x_wconf 69' lang='lat' dir='ltr'>animas</span> <span class='ocrx_word' id='word_1_51' title='bbox 404 1498 545 1570; x_wconf 86' lang='lat' dir='ltr'>actione</span> <span class='ocrx_word' id='word_1_52' title='bbox 559 1500 602 1568; x_wconf 87' lang='lat' dir='ltr'>ad</span> <span class='ocrx_word' id='word_1_53' title='bbox 614 1495 759 1563; x_wconf 83' lang='lat' dir='ltr'>virtutis</span> <span class='ocrx_word' id='word_1_54' title='bbox 774 1519 930 1564; x_wconf 86' lang='lat' dir='ltr'>normam</span> <span class='ocrx_word' id='word_1_55' title='bbox 942 1497 1138 1587; x_wconf 69' lang='lat' dir='ltr'>praecipuis</span> <span class='ocrx_word' id='word_1_56' title='bbox 1176 1485 1177 1489; x_wconf 23' lang='lat'>¹</span> 
     </span>
     <span class='ocr_line' id='line_1_10' title="bbox 204 1615 1136 1712; baseline 0.001 -27"><span class='ocrx_word' id='word_1_57' title='bbox 204 1619 243 1686; x_wconf 87' lang='lat' dir='ltr'>iu</span> <span class='ocrx_word' id='word_1_58' title='bbox 258 1618 510 1712; x_wconf 79' lang='lat' dir='ltr'>rebus.Neque</span> <span class='ocrx_word' id='word_1_59' title='bbox 520 1638 561 1688; x_wconf 88' lang='lat' dir='ltr'>ut</span> <span class='ocrx_word' id='word_1_60' title='bbox 574 1615 981 1708; x_wconf 66' lang='lat' dir='ltr'>sciamus,iuquit,quod</span> <span class='ocrx_word' id='word_1_61' title='bbox 993 1639 1136 1707; x_wconf 80' lang='lat' dir='ltr'>atquuut</span> 
     </span>
     <span class='ocr_line' id='line_1_11' title="bbox 206 1735 1134 1830; baseline 0.001 -25"><span class='ocrx_word' id='word_1_62' title='bbox 206 1756 271 1818; x_wconf 83' lang='lat' dir='ltr'>est,</span> <span class='ocrx_word' id='word_1_63' title='bbox 289 1736 600 1830; x_wconf 74' lang='lat' dir='ltr'>philosophamur,</span> <span class='ocrx_word' id='word_1_64' title='bbox 614 1739 675 1807; x_wconf 87' lang='lat' dir='ltr'>sed</span> <span class='ocrx_word' id='word_1_65' title='bbox 689 1757 729 1809; x_wconf 91' lang='lat' dir='ltr'>ut</span> <span class='ocrx_word' id='word_1_66' title='bbox 740 1737 776 1805; x_wconf 87' lang='lat' dir='ltr'>id</span> <span class='ocrx_word' id='word_1_67' title='bbox 791 1738 904 1829; x_wconf 83' lang='lat' dir='ltr'>ipsum</span> <span class='ocrx_word' id='word_1_68' title='bbox 916 1760 983 1828; x_wconf 90' lang='lat' dir='ltr'>pru</span> <span class='ocrx_word' id='word_1_69' title='bbox 995 1735 1134 1806; x_wconf 88' lang='lat' dir='ltr'>viribus</span> 
     </span>
     <span class='ocr_line' id='line_1_12' title="bbox 208 1854 1132 1950; baseline 0 -27"><span class='ocrx_word' id='word_1_70' title='bbox 208 1877 440 1946; x_wconf 80' lang='lat' dir='ltr'>exequamur.</span> <span class='ocrx_word' id='word_1_71' title='bbox 459 1860 575 1950; x_wconf 84' lang='lat' dir='ltr'>Atque</span> <span class='ocrx_word' id='word_1_72' title='bbox 592 1857 636 1926; x_wconf 89' lang='lat' dir='ltr'>ab</span> <span class='ocrx_word' id='word_1_73' title='bbox 663 1858 729 1926; x_wconf 89' lang='lat' dir='ltr'>illo</span> <span class='ocrx_word' id='word_1_74' title='bbox 753 1857 886 1925; x_wconf 89' lang='lat' dir='ltr'>bonum</span> <span class='ocrx_word' id='word_1_75' title='bbox 904 1854 1077 1924; x_wconf 84' lang='lat' dir='ltr'>tribuitur</span> <span class='ocrx_word' id='word_1_76' title='bbox 1093 1855 1132 1924; x_wconf 90' lang='lat' dir='ltr'>iu</span> 
     </span>
     <span class='ocr_line' id='line_1_13' title="bbox 105 1973 1131 2068; baseline 0 -27"><span class='ocrx_word' id='word_1_77' title='bbox 105 1973 109 1980; x_wconf 76' lang='grc'><em>’</em></span> <span class='ocrx_word' id='word_1_78' title='bbox 204 1973 370 2052; x_wconf 66' lang='lat' dir='ltr'>animam,</span> <span class='ocrx_word' id='word_1_79' title='bbox 396 1998 538 2063; x_wconf 72' lang='lat' dir='ltr'>corpus,</span> <span class='ocrx_word' id='word_1_80' title='bbox 564 1996 600 2046; x_wconf 90' lang='lat' dir='ltr'>et</span> <span class='ocrx_word' id='word_1_81' title='bbox 624 1996 800 2046; x_wconf 84' lang='lat' dir='ltr'>externa:</span> <span class='ocrx_word' id='word_1_82' title='bbox 824 1977 1030 2068; x_wconf 84' lang='lat' dir='ltr'>diciturque</span> <span class='ocrx_word' id='word_1_83' title='bbox 1048 1995 1131 2065; x_wconf 86' lang='lat' dir='ltr'>per·</span> 
     </span>
     <span class='ocr_line' id='line_1_14' title="bbox 204 2091 1189 2187; baseline 0.001 -29"><span class='ocrx_word' id='word_1_84' title='bbox 204 2091 299 2160; x_wconf 79' lang='lat' dir='ltr'>fecta</span> <span class='ocrx_word' id='word_1_85' title='bbox 341 2093 403 2160; x_wconf 85' lang='lat' dir='ltr'>illa</span> <span class='ocrx_word' id='word_1_86' title='bbox 444 2095 627 2177; x_wconf 77' lang='lat' dir='ltr'>felicitas,</span> <span class='ocrx_word' id='word_1_87' title='bbox 667 2119 745 2187; x_wconf 73' lang='lat' dir='ltr'>quar</span> <span class='ocrx_word' id='word_1_88' title='bbox 785 2118 830 2162; x_wconf 84' lang='lat' dir='ltr'>ex</span> <span class='ocrx_word' id='word_1_89' title='bbox 868 2092 998 2162; x_wconf 88' lang='lat' dir='ltr'>horum</span> <span class='ocrx_word' id='word_1_90' title='bbox 1022 2095 1133 2164; x_wconf 85' lang='lat' dir='ltr'>trium</span> <span class='ocrx_word' id='word_1_91' title='bbox 1186 2154 1189 2159; x_wconf 86' lang='lat'><em>.</em></span> 
     </span>
     <span class='ocr_line' id='line_1_15' title="bbox 202 2212 1132 2308; baseline 0.002 -28"><span class='ocrx_word' id='word_1_92' title='bbox 202 2227 446 2303; x_wconf 80' lang='lat' dir='ltr'>temperatura</span> <span class='ocrx_word' id='word_1_93' title='bbox 479 2217 614 2284; x_wconf 76' lang='lat' dir='ltr'>existit.</span> <span class='ocrx_word' id='word_1_94' title='bbox 640 2218 689 2285; x_wconf 85' lang='lat' dir='ltr'>Ac</span> <span class='ocrx_word' id='word_1_95' title='bbox 714 2212 886 2308; x_wconf 74' lang='lat' dir='ltr'>preclare</span> <span class='ocrx_word' id='word_1_96' title='bbox 903 2213 1047 2307; x_wconf 86' lang='lat' dir='ltr'>quidem</span> <span class='ocrx_word' id='word_1_97' title='bbox 1065 2237 1132 2283; x_wconf 88' lang='lat' dir='ltr'>uo·</span> 
     </span>
     <span class='ocr_line' id='line_1_16' title="bbox 201 2328 1133 2426; baseline 0.004 -29"><span class='ocrx_word' id='word_1_98' title='bbox 201 2328 343 2398; x_wconf 87' lang='lat' dir='ltr'>hiscum</span> <span class='ocrx_word' id='word_1_99' title='bbox 369 2332 425 2426; x_wconf 74' lang='lat' dir='ltr'>agi</span> <span class='ocrx_word' id='word_1_100' title='bbox 455 2335 664 2418; x_wconf 78' lang='lat' dir='ltr'>arbitratur,</span> <span class='ocrx_word' id='word_1_101' title='bbox 688 2336 718 2404; x_wconf 91' lang='lat' dir='ltr'>si</span> <span class='ocrx_word' id='word_1_102' title='bbox 742 2359 784 2403; x_wconf 88' lang='lat' dir='ltr'>ea</span> <span class='ocrx_word' id='word_1_103' title='bbox 809 2335 963 2403; x_wconf 85' lang='lat' dir='ltr'>felicitas</span> <span class='ocrx_word' id='word_1_104' title='bbox 984 2332 1042 2401; x_wconf 80' lang='lat' dir='ltr'>rel</span> <span class='ocrx_word' id='word_1_105' title='bbox 1067 2334 1133 2401; x_wconf 86' lang='lat' dir='ltr'>uui</span> 
     </span>
     <span class='ocr_line' id='line_1_17' title="bbox 117 2437 1132 2549; baseline 0 -33"><span class='ocrx_word' id='word_1_106' title='bbox 117 2520 120 2531; x_wconf 53' lang='grc'><strong>,</strong></span> <span class='ocrx_word' id='word_1_107' title='bbox 204 2447 340 2518; x_wconf 89' lang='lat' dir='ltr'>homini</span> <span class='ocrx_word' id='word_1_108' title='bbox 360 2452 460 2520; x_wconf 72' lang='lat' dir='ltr'>sorte</span> <span class='ocrx_word' id='word_1_109' title='bbox 478 2455 687 2549; x_wconf 75' lang='lat' dir='ltr'>contigerit3</span> <span class='ocrx_word' id='word_1_110' title='bbox 714 2455 886 2521; x_wconf 87' lang='lat' dir='ltr'>maiorem</span> <span class='ocrx_word' id='word_1_111' title='bbox 901 2437 1021 2520; x_wconf 88' lang='lat' dir='ltr'>tameu</span> <span class='ocrx_word' id='word_1_112' title='bbox 1038 2451 1132 2517; x_wconf 84' lang='lat' dir='ltr'>mul·</span> 
     </span>
     <span class='ocr_line' id='line_1_18' title="bbox 200 2568 1130 2658; baseline 0.006 -26"><span class='ocrx_word' id='word_1_113' title='bbox 200 2582 312 2657; x_wconf 88' lang='lat' dir='ltr'>toque</span> <span class='ocrx_word' id='word_1_114' title='bbox 338 2569 590 2658; x_wconf 83' lang='lat' dir='ltr'>perfectiorem</span> <span class='ocrx_word' id='word_1_115' title='bbox 610 2570 770 2640; x_wconf 88' lang='lat' dir='ltr'>eamdem</span> <span class='ocrx_word' id='word_1_116' title='bbox 787 2594 866 2639; x_wconf 83' lang='lat' dir='ltr'>esse</span> <span class='ocrx_word' id='word_1_117' title='bbox 881 2570 995 2651; x_wconf 76' lang='lat' dir='ltr'>dicit,</span> <span class='ocrx_word' id='word_1_118' title='bbox 1028 2568 1058 2635; x_wconf 87' lang='lat' dir='ltr'>si</span> <span class='ocrx_word' id='word_1_119' title='bbox 1087 2591 1130 2638; x_wconf 85' lang='lat' dir='ltr'>ea</span> 
     </span>
     <span class='ocr_line' id='line_1_19' title="bbox 199 2672 1128 2775; baseline 0.006 -26"><span class='ocrx_word' id='word_1_120' title='bbox 199 2683 375 2754; x_wconf 73' lang='lat' dir='ltr'>universas</span> <span class='ocrx_word' id='word_1_121' title='bbox 389 2690 525 2758; x_wconf 84' lang='lat' dir='ltr'>civitati</span> <span class='ocrx_word' id='word_1_122' title='bbox 538 2672 757 2758; x_wconf 82' lang='lat' dir='ltr'>usuveucrit.</span> <span class='ocrx_word' id='word_1_123' title='bbox 773 2690 891 2775; x_wconf 83' lang='lat' dir='ltr'>Quare</span> <span class='ocrx_word' id='word_1_124' title='bbox 904 2706 939 2755; x_wconf 89' lang='lat' dir='ltr'>et</span> <span class='ocrx_word' id='word_1_125' title='bbox 951 2689 1128 2756; x_wconf 87' lang='lat' dir='ltr'>rationem</span> 
     </span>
     <span class='ocr_line' id='line_1_20' title="bbox 200 2798 1199 2899; baseline 0.007 -31"><span class='ocrx_word' id='word_1_126' title='bbox 200 2798 277 2868; x_wconf 84' lang='lat' dir='ltr'>haec</span> <span class='ocrx_word' id='word_1_127' title='bbox 303 2804 469 2889; x_wconf 70' lang='lat' dir='ltr'>docendi,</span> <span class='ocrx_word' id='word_1_128' title='bbox 495 2809 638 2878; x_wconf 85' lang='lat' dir='ltr'>civilem</span> <span class='ocrx_word' id='word_1_129' title='bbox 655 2809 842 2878; x_wconf 86' lang='lat' dir='ltr'>scientiam</span> <span class='ocrx_word' id='word_1_130' title='bbox 857 2807 1025 2899; x_wconf 81' lang='lat' dir='ltr'>appellat:</span> <span class='ocrx_word' id='word_1_131' title='bbox 1039 2830 1126 2875; x_wconf 89' lang='lat' dir='ltr'>cou-</span> <span class='ocrx_word' id='word_1_132' title='bbox 1194 2822 1199 2831; x_wconf 90' lang='grc'><em>“</em></span> 
     </span>
     <span class='ocr_line' id='line_1_21' title="bbox 202 2921 1124 3022; baseline 0.009 -36"><span class='ocrx_word' id='word_1_133' title='bbox 202 2921 411 3014; x_wconf 77' lang='lat' dir='ltr'>tenditque,</span> <span class='ocrx_word' id='word_1_134' title='bbox 436 2927 648 2997; x_wconf 88' lang='lat' dir='ltr'>felicitatem·</span> <span class='ocrx_word' id='word_1_135' title='bbox 673 2930 749 2997; x_wconf 91' lang='lat' dir='ltr'>siue</span> <span class='ocrx_word' id='word_1_136' title='bbox 773 2929 851 3022; x_wconf 83' lang='lat' dir='ltr'>ipsa</span> <span class='ocrx_word' id='word_1_137' title='bbox 876 2928 1017 2994; x_wconf 87' lang='lat' dir='ltr'>actione</span> <span class='ocrx_word' id='word_1_138' title='bbox 1046 2947 1124 2994; x_wconf 83' lang='lat' dir='ltr'>esse</span> 
     </span>
     <span class='ocr_line' id='line_1_22' title="bbox 194 3044 1124 3141; baseline 0.003 -35"><span class='ocrx_word' id='word_1_139' title='bbox 194 3061 267 3108; x_wconf 88' lang='lat' dir='ltr'>non</span> <span class='ocrx_word' id='word_1_140' title='bbox 283 3064 403 3131; x_wconf 82' lang='lat' dir='ltr'>posse:</span> <span class='ocrx_word' id='word_1_141' title='bbox 421 3045 605 3139; x_wconf 87' lang='lat' dir='ltr'>Deumque</span> <span class='ocrx_word' id='word_1_142' title='bbox 620 3065 748 3116; x_wconf 81' lang='lat' dir='ltr'>cuncta</span> <span class='ocrx_word' id='word_1_143' title='bbox 765 3063 953 3141; x_wconf 77' lang='lat' dir='ltr'>regentem</span> <span class='ocrx_word' id='word_1_144' title='bbox 970 3044 1124 3133; x_wconf 82' lang='lat' dir='ltr'>eiusque</span> 
     </span>
     <span class='ocr_line' id='line_1_23' title="bbox 196 3159 1125 3258; baseline 0.002 -32"><span class='ocrx_word' id='word_1_145' title='bbox 196 3159 345 3228; x_wconf 80' lang='lat' dir='ltr'>comites</span> <span class='ocrx_word' id='word_1_146' title='bbox 370 3163 539 3234; x_wconf 86' lang='lat' dir='ltr'>scientias</span> <span class='ocrx_word' id='word_1_147' title='bbox 560 3166 714 3236; x_wconf 85' lang='lat' dir='ltr'>activam</span> <span class='ocrx_word' id='word_1_148' title='bbox 732 3183 769 3234; x_wconf 89' lang='lat' dir='ltr'>et</span> <span class='ocrx_word' id='word_1_149' title='bbox 783 3163 970 3258; x_wconf 90' lang='lat' dir='ltr'>politicam</span> <span class='ocrx_word' id='word_1_150' title='bbox 996 3182 1125 3251; x_wconf 85' lang='lat' dir='ltr'>reapse</span> 
     </span>
    </p>
   </div>
   <div class='ocr_carea' id='block_1_3' title="bbox 194 3273 1232 3370">
    <p class='ocr_par' dir='ltr' id='par_1_3' title="bbox 194 3273 1232 3370">
     <span class='ocr_line' id='line_1_24' title="bbox 194 3273 1232 3370; baseline 0.001 -28"><span class='ocrx_word' id='word_1_151' title='bbox 194 3273 549 3370; x_wconf 70' lang='lat' dir='ltr'>philosopharicum</span> <span class='ocrx_word' id='word_1_152' title='bbox 564 3283 1125 3369; x_wconf 85' lang='lat' dir='ltr'>universsmnaturamperpetuo</span> <span class='ocrx_word' id='word_1_153' title='bbox 1229 3319 1232 3326; x_wconf 90' lang='lat'><em>·</em></span> 
     </span>
    </p>
   </div>
   <div class='ocr_carea' id='block_1_4' title="bbox 196 3391 1125 3612">
    <p class='ocr_par' dir='ltr' id='par_1_4' title="bbox 196 3391 1125 3612">
     <span class='ocr_line' id='line_1_25' title="bbox 203 3391 1125 3492; baseline 0.002 -30"><span class='ocrx_word' id='word_1_154' title='bbox 203 3391 340 3464; x_wconf 87' lang='lat' dir='ltr'>firmam</span> <span class='ocrx_word' id='word_1_155' title='bbox 366 3397 659 3492; x_wconf 86' lang='lat' dir='ltr'>incolumemque</span> <span class='ocrx_word' id='word_1_156' title='bbox 686 3415 915 3469; x_wconf 82' lang='lat' dir='ltr'>conservant.</span> <span class='ocrx_word' id='word_1_157' title='bbox 931 3398 997 3464; x_wconf 88' lang='lat' dir='ltr'>Tot</span> <span class='ocrx_word' id='word_1_158' title='bbox 1012 3395 1125 3491; x_wconf 77' lang='lat' dir='ltr'>igitur</span> 
     </span>
     <span class='ocr_line' id='line_1_26' title="bbox 196 3515 1123 3612; baseline 0 -32"><span class='ocrx_word' id='word_1_159' title='bbox 196 3534 238 3581; x_wconf 86' lang='lat' dir='ltr'>ac</span> <span class='ocrx_word' id='word_1_160' title='bbox 278 3533 377 3590; x_wconf 90' lang='lat' dir='ltr'>tauta</span> <span class='ocrx_word' id='word_1_161' title='bbox 419 3542 530 3612; x_wconf 90' lang='lat' dir='ltr'>opera</span> <span class='ocrx_word' id='word_1_162' title='bbox 574 3539 611 3589; x_wconf 91' lang='lat' dir='ltr'>et</span> <span class='ocrx_word' id='word_1_163' title='bbox 651 3536 800 3587; x_wconf 86' lang='lat' dir='ltr'>conatus</span> <span class='ocrx_word' id='word_1_164' title='bbox 839 3540 918 3585; x_wconf 88' lang='lat' dir='ltr'>cum</span> <span class='ocrx_word' id='word_1_165' title='bbox 949 3515 1026 3582; x_wconf 72' lang='lat' dir='ltr'>haec</span> <span class='ocrx_word' id='word_1_166' title='bbox 1066 3536 1123 3580; x_wconf 88' lang='lat' dir='ltr'>ara</span> 
     </span>
    </p>
   </div>
   <div class='ocr_carea' id='block_1_5' title="bbox 191 3687 1123 3937">
    <p class='ocr_par' dir='ltr' id='par_1_5' title="bbox 191 3687 1123 3937">
     <span class='ocr_line' id='line_1_27' title="bbox 227 3687 1123 3770; baseline 0.004 -16"><span class='ocrx_word' id='word_1_167' title='bbox 227 3708 262 3767; x_wconf 69' lang='lat' dir='ltr'>(a)</span> <span class='ocrx_word' id='word_1_168' title='bbox 281 3712 349 3769; x_wconf 78' lang='lat' dir='ltr'>Quod</span> <span class='ocrx_word' id='word_1_169' title='bbox 373 3687 455 3758; x_wconf 77' lang='lat' dir='ltr'>attinet</span> <span class='ocrx_word' id='word_1_170' title='bbox 479 3715 509 3759; x_wconf 79' lang='lat' dir='ltr'>td</span> <span class='ocrx_word' id='word_1_171' title='bbox 534 3723 606 3757; x_wconf 79' lang='lat' dir='ltr'>totam</span> <span class='ocrx_word' id='word_1_172' title='bbox 630 3714 690 3759; x_wconf 76' lang='grc' dir='ltr'><strong>Ιιιιιο</strong></span> <span class='ocrx_word' id='word_1_173' title='bbox 715 3714 846 3759; x_wconf 73' lang='lat' dir='ltr'>Aristotelis</span> <span class='ocrx_word' id='word_1_174' title='bbox 869 3715 1015 3767; x_wconf 65' lang='lat' dir='ltr'>duculum,</span> <span class='ocrx_word' id='word_1_175' title='bbox 1046 3723 1123 3770; x_wconf 67' lang='lat' dir='ltr'>oper·</span> 
     </span>
     <span class='ocr_line' id='line_1_28' title="bbox 191 3790 1120 3859; baseline 0.004 -23"><span class='ocrx_word' id='word_1_176' title='bbox 191 3790 292 3847; x_wconf 63' lang='lat' dir='ltr'>patim</span> <span class='ocrx_word' id='word_1_177' title='bbox 311 3795 356 3837; x_wconf 77' lang='lat' dir='ltr'>erit</span> <span class='ocrx_word' id='word_1_178' title='bbox 377 3794 482 3840; x_wconf 73' lang='lat' dir='ltr'>conferre</span> <span class='ocrx_word' id='word_1_179' title='bbox 501 3791 625 3840; x_wconf 69' lang='lat' dir='ltr'>Moralium</span> <span class='ocrx_word' id='word_1_180' title='bbox 646 3809 781 3855; x_wconf 70' lang='lat' dir='ltr'>magnorum</span> <span class='ocrx_word' id='word_1_181' title='bbox 797 3797 860 3850; x_wconf 71' lang='lat' dir='ltr'>ts.</span> <span class='ocrx_word' id='word_1_182' title='bbox 885 3813 908 3859; x_wconf 75' lang='lat'>4.</span> <span class='ocrx_word' id='word_1_183' title='bbox 935 3793 1028 3844; x_wconf 63' lang='lat' dir='ltr'>tutem</span> <span class='ocrx_word' id='word_1_184' title='bbox 1043 3791 1074 3840; x_wconf 82' lang='lat'>11.</span> <span class='ocrx_word' id='word_1_185' title='bbox 1097 3805 1120 3838; x_wconf 79' lang='lat' dir='ltr'>t·</span> 
     </span>
     <span class='ocr_line' id='line_1_29' title="bbox 191 3867 887 3937; baseline 0.006 -20"><span class='ocrx_word' id='word_1_186' title='bbox 191 3867 405 3922; x_wconf 63' lang='lat' dir='ltr'>deuteronom</span> <span class='ocrx_word' id='word_1_187' title='bbox 420 3875 440 3919; x_wconf 81' lang='grc' dir='ltr'>Ι.</span> <span class='ocrx_word' id='word_1_188' title='bbox 455 3889 476 3920; x_wconf 90' lang='lat'>1.</span> <span class='ocrx_word' id='word_1_189' title='bbox 490 3887 512 3922; x_wconf 77' lang='lat' dir='ltr'>a.</span> <span class='ocrx_word' id='word_1_190' title='bbox 526 3877 549 3925; x_wconf 75' lang='lat'>6.</span> <span class='ocrx_word' id='word_1_191' title='bbox 568 3875 607 3922; x_wconf 82' lang='lat' dir='ltr'>De</span> <span class='ocrx_word' id='word_1_192' title='bbox 621 3874 745 3937; x_wconf 70' lang='lat' dir='ltr'>depellite</span> <span class='ocrx_word' id='word_1_193' title='bbox 759 3875 807 3922; x_wconf 73' lang='lat' dir='ltr'>vlt</span> <span class='ocrx_word' id='word_1_194' title='bbox 823 3888 844 3922; x_wconf 80' lang='lat' dir='ltr'>t.</span> <span class='ocrx_word' id='word_1_195' title='bbox 864 3877 887 3922; x_wconf 71' lang='lat'>³.</span> 
     </span>
    </p>
   </div>
   <div class='ocr_carea' id='block_1_6' title="bbox 0 0 1646 5054">
    <p class='ocr_par' dir='ltr' id='par_1_6' title="bbox 0 0 1646 5054">
     <span class='ocr_line' id='line_1_30' title="bbox 0 0 1646 5054; baseline 0 5"><span class='ocrx_word' id='word_1_196' title='bbox 0 0 1646 5054; x_wconf 95' lang='lat' dir='ltr'> </span> 
     </span>
    </p>
   </div>
  </div>
 </body>
</html>
