3284 5054
535 489 747 552 ctaoutnt
815 536 819 543 .
1045 510 1082 568 μ

254 627 511 712 XIIL-·Nune
539 627 573 710 ei
601 631 676 711 nos
703 625 808 709 forte
841 624 1128 727 concedamus,
1254 717 1256 720 Α

195 768 372 852 -voluisse
400 769 670 880 Cleonymum
704 766 859 849 tabulas
887 769 1130 866 emendare,

198 909 280 994 iam
308 928 416 994 certe
443 909 632 993 omuibus
665 927 800 1020 patet,
829 934 882 994 ‚se
922 935 1002 990 eus⁴
1020 927 1131 1007 reete

198 1046 340 1133 fecisse
380 1078 463 1132 non
504 1076 589 1132 esse
631 1046 893 1130 arbitratum..
909 1048 1039 1162 Atque
1081 1074 1167 1128 ex-

196 1189 274 1270 hoc
313 1187 434 1271 etiam
467 1187 800 1271 Adversariorum
837 1183 1130 1301 impudentiam

197 1324 356 1423 discite,
377 1325 447 1439 qni
464 1325 563 1409 illud
586 1343 867 1410 testamentum
885 1345 1019 1408 ratum
1039 1351 1127 1408 esse

194 1462 460 1568 confirmant,
489 1463 599 1575 quod
638 1461 772 1575 ipsum
810 1463 1048 1553 testatorem
1074 1461 1132 1548 fa·

198 1623 333 1686 tentus
353 1630 436 1685 tion
456 1604 561 1684 bene
580 1629 604 1684 a
624 1629 667 1683 ee
687 1598 893 1713 conditum
912 1599 1129 1689 iudicasse:

200 1740 395 1852 vobisque
438 1740 636 1837 suadent,
676 1759 720 1821 ut
738 1762 741 1767 ’
761 1758 902 1825 contra
939 1740 1073 1854 leges.¹
1090 1757 1132 1823 et

199 1867 427 1993 equitatem
455 1898 495 1961 et
510 1877 647 1991 ipsius
676 1876 854 1966 defuncti
882 1878 1131 1965 voluntatem

132 2127 138 2138 ,
201 2015 438 2102 sententiam
468 2014 616 2109 feratis.

137 2237 143 2249 ,
252 2156 360 2240 XIV.
389 2156 464 2239 ille
493 2183 590 2240 vero
618 2174 678 2238 est
705 2155 886 2239 omnium
918 2155 1133 2269 impuden-n

196 2294 370 2381 tissimus
393 2322 528 2378 sermo
553 2323 645 2378 cum
667 2294 802 2378 dicere
827 2296 994 2393 audent,
1015 2295 1132 2379 Clee-

195 2461 367 2549 nymum
393 2433 497 2517 nihil
511 2461 679 2523 ,suarum
701 2430 932 2518 facultatum
960 2463 984 2515 a
1012 2431 1131 2530 nubis

198 2574 354 2688 percipi
382 2573 566 2666 voluisse.
595 2571 738 2686 Atqui,
759 2601 785 2654 o
813 2571 911 2670 viri,
932 2598 1127 2685 quosnam
1168 2553 1169 2557 Ν

199 2712 298 2794 alios
337 2739 404 2795 eas
440 2712 592 2797 habere
631 2710 834 2794 maluisset
871 2738 994 2825 quam
1028 2706 1128 2793 nos?

197 2876 301 2962 quoa
325 2866 368 2934 et
400 2878 488 2963 prte
515 2850 702 2935 omnibus
725 2848 967 2954 ‚necessariis
995 2877 1042 2931 re
1060 2846 1129 2933 'fa-

199 2986 348 3072 miliari
367 2986 440 3072 aua
467 2989 608 3074 vivens
634 2989 807 3074 iuvabat.
830 2989 963 3072 Multo
993 3007 1128 3072 autem

199 3125 541 3211 mirabilissimum
573 3128 698 3226 esset,
739 3126 774 3211 si
810 3155 934 3240 quum
978 3125 1128 3238 Cephi-

122 3342 125 3347 <
194 3266 359 3364 sunder,
380 3265 712 3351 adversariorum
732 3284 962 3369 nostrerum
981 3290 1128 3376 cogna-

200 3425 296 3500 tus,
322 3429 484 3517 aequum
532 3423 725 3502 censeat,
772 3431 846 3487 nos
879 3430 1040 3519 quoque
1081 3399 1124 3499 iu

200 3561 357 3654 partem
403 3539 634 3626 hereditatis
676 3539 840 3640 vocari3
866 3542 1125 3653 Cleonymus

246 3724 293 3807 (a)
316 3725 397 3788 esd.
418 3732 517 3789 ταῦτα
535 3729 636 3807 ὀρθός.
776 3772 779 3778 ·
