3284 5054
721 546 909 608 A'DELPHE
1199 547 1237 604 5³

351 835 487 900 :pippin
504 800 811 892 „mesARRANlu
854 802 1013 868 Sarranae
1044 795 1213 866 dicuntur
1237 797 1282 865 ab

631 924 787 990 Auctore
825 918 889 1012 qui
915 917 1007 985 illud
1031 941 1142 1014 genus
1172 923 1283 987 musi-

633 1062 714 1106 cum
740 1038 970 1134 excogitavit.

385 1189 482 1252 rrotog.
510 1156 768 1232 v.6.DlPHlL1.
793 1152 960 1247 Diphilus
987 1175 1121 1248 graeouo
1150 1173 1284 1220 comoe-

629 1275 694 1343 duo
719 1276 788 1342 fuit
806 1275 869 1365 qui
897 1273 1100 1366 composuit
1122 1270 1283 1339 fabulum

630 1414 739 1483 quatu
772 1393 968 1484 appellavit
1015 1390 1284 1482 Synapothnes-

632 1527 783 1592 contes,
824 1509 922 1601 quod
961 1509 1072 1577 latine
1120 1510 1284 1577 Commo·

631 1629 766 1696 tientes
804 1627 990 1724 siguificat.

526 1768 580 1815 20.
607 1747 653 1816 IN
677 1747 886 1817 NEGOTIO.
923 1750 1113 1846 Negotium
1148 1748 1283 1819 dicitur

632 1867 737 1958 quusi
768 1889 835 1934 uec
860 1869 985 1936 otium.
1024 1870 1066 1936 ln
1105 1869 1284 1961 composi·

621 1985 723 2052 tione
739 2010 775 2061 (ι)
799 1987 894 2055 enim
921 1989 1060 2056 nullum
1078 2006 1132 2056 est
1156 1987 1283 2057 otium.

527 2123 582 2172 υ.
607 2102 667 2172 NE
700 2104 978 2176 EXPECTETIS.
1014 2109 1055 2174 Iu
1090 2106 1284 2175 Comoediis
1364 2120 1367 2125 ’

635 2243 710 2290 non
736 2243 927 2295 narrantur
960 2248 1018 2294 ree
1053 2244 1183 2321 geste,
1218 2224 1282 2292 ted

630 2362 795 2431 persone
823 2342 1013 2434 loquentes
1040 2342 1134 2410 iuter
1162 2363 1200 2408 ee
1224 2342 1282 2433 ip·

634 2479 708 2524 tum
735 2458 893 2527 subulam
918 2477 1038 2555 agunt.

352 2605 405 2653 Aet.
442 2605 480 2649 Se.
521 2618 547 2648 v.

367 2696 394 2762 I.
446 2716 474 2761 1.
526 2716 554 2761 1·
578 2694 713 2763 Demea
736 2694 866 2766 habuit
889 2697 977 2766 duot
994 2693 1107 2777 filios,
1131 2718 1285 2788 quorum

631 2836 742 2882 unum
779 2815 1041 2885 commendavit
1074 2814 1178 2883 fratri
1214 2837 1281 2883 tuo

633 2931 779 3002 Mitioni
819 2935 863 3003 ud
907 2933 1168 3018 nutriendum,
1220 2933 1284 3027 qui

632 3052 833 3121 vocabatur
859 3052 1051 3121 AEeohinuo.

587 3167 761 3238 STORAX
786 3173 972 3263 proprium
998 3193 1140 3238 nomeu.
1174 3166 1283 3234 Indu·

631 3284 694 3354 bia
717 3289 824 3355 etiam
850 3288 1028 3379 scriptura
1063 3308 1192 3354 nomen
1225 3307 1283 3352 er·

630 3402 731 3473 boris
769 3405 979 3486 iuvenitur,
1021 3404 1123 3472 cuius
1158 3403 1281 3470 resina

625 3541 776 3606 storax,
805 3521 912 3592 huius
944 3523 1095 3593 storacio
1120 3540 1284 3592 vocatur.

393 3780 526 3855 (1)(ἓοά.
547 3784 715 3859 coemptione.
