3284 5054
701 516 933 574 innutrito
1173 486 1178 496 ’
1217 537 1238 597 9

351 654 392 731 in
424 673 559 748 graecos
599 666 761 718 oratores
800 649 997 743 cupiditate
1034 649 1281 729 immineam,

353 771 419 838 tuli
458 769 617 862 aliquem
657 767 842 836 industriae
881 767 1051 836 fructum.
1092 769 1285 862 Postquam

352 891 450 959 enim
491 889 570 956 lsaei
609 885 798 978 quemdam
837 884 1000 953 codicem
1041 887 1172 955 saeculo
1207 909 1285 957 xiv.

354 1025 541 1078 exaratum
580 1023 735 1075 tractare
775 1004 970 1101 diligenter
1010 1006 1128 1098 coepi,
1169 1007 1285 1098 proti-

351 1152 421 1197 nus
459 1123 621 1194 eamdem
660 1125 869 1193 Orationem
909 1124 951 1192 de
988 1124 1152 1195 Meneclir
1188 1127 1285 1193 ltere.-

352 1246 463 1314 ditute
496 1241 625 1311 lobene
663 1240 822 1309 offendit
845 1239 947 1310 coine
971 1259 1104 1313 ttamen
1138 1241 1284 1312 edendo

355 1387 466 1457 quum
483 1360 583 1429 'aliur
609 1380 692 1427 aute
718 1383 774 1427 me
798 1357 962 1427 laborem
979 1360 1196 1453 susceperit,
1214 1359 1284 1427 hoc

353 1506 465 1553 unum
490 1478 580 1557 mihi
605 1497 808 1572 supererat,
841 1492 880 1544 ut
907 1475 1066 1569 aliquam
1101 1480 1186 1545 novi
1223 1499 1285 1544 co·

354 1601 446 1671 dicia
472 1600 704 1667 collationem
729 1593 950 1663 exhiberem.

401 1719 465 1787 lll.
489 1718 614 1809 Neque
639 1735 759 1785 tamen
783 1713 921 1806 aliquid
932 1732 1104 1807 praeterea
1123 1714 1201 1783 Iaaei
1219 1737 1283 1786 co·
1301 1694 1486 1822 4„{}2³,ff{:3*{‡

356 1837 426 1907 dex
443 1830 698 1905 Ambrotianua
712 1858 786 1935 non
801 1833 939 1901 habuit.
953 1834 1070 1922 Quum
1086 1833 1181 1901 enim
1194 1835 1283 1902 Ora·
1301 1847 1379 1947 :230-
1389 1834 1485 1879 *ulw-

355 1974 444 2027 toris
470 1956 616 2022 lacunae
635 1955 892 2049 investigarem
909 1977 996 2021 num
1012 1976 1082 2045 ope
1100 1954 1283 2045 scripturae

352 2076 486 2146 veterio
513 2062 661 2165 ex'plere
686 2095 841 2164 portem,
858 2072 1031 2140 continuo
1046 2071 1284 2165 deprehendi,
1361 2092 1364 2096 ·

354 2193 565 2264 Orationem
589 2192 631 2258 de
654 2190 843 2258 hereditate
869 2190 1048 2282 Cleonymi
1073 2191 1153 2282 plur
1175 2190 1286 2283 duplo

355 2313 570 2405 ampliorem
583 2311 623 2376 in
634 2327 758 2377 nostro
771 2308 1286 2378 codicecontineri.Etnovam

354 2431 500 2525 quidem
526 2448 667 2523 partem
691 2427 875 2496 coherere
912 2429 1045 2520 optime
1081 2427 1286 2495 senticum

354 2552 442 2619 olim
458 2549 570 2645 editi,
596 2546 642 2616 ad
664 2545 703 2614 id
727 2544 899 2616 videlicet
921 2545 1012 2629 loci,
1039 2544 1102 2613 ubi
1118 2543 1163 2612 tle
1183 2544 1284 2614 hiatu

355 2667 522 2757 Editoree
544 2668 616 2761 ipsi
640 2666 759 2759 spatio
783 2683 844 2733 aut
867 2664 1047 2734 asteriscis
1061 2665 1285 2758 interpositio

358 2784 610 2854 admonebam
634 2786 724 2853 Tum
748 2786 786 2853 in
818 2783 942 2852 eadem
974 2809 1069 2853 nova
1104 2782 1285 2857 Orationis

358 2919 462 2994 parte
486 2900 559 2969 duo
582 2926 728 2994 quoque
751 2901 814 2970 illa
850 2905 996 2972 nomina
1026 2904 1230 2973 Pherenicur
1253 2921 1290 2971 et

355 3020 476 3089 Simon
500 3020 763 3104 occurrebant,
787 3045 941 3114 quorum
968 3024 1181 3093 meminerat
1204 3022 1287 3112 qui·

247 3189 249 3193 .
339 3118 441 3241 'clem
468 3139 638 3232 antiquos
672 3144 806 3211 Auctor
843 3144 1046 3239 argumenti
1082 3142 1285 3222 Orationis,

360 3261 423 3332 red
448 3284 492 3329 ea
515 3262 587 3329 iam
624 3261 755 3331 frustra
792 3265 830 3331 in
862 3264 1045 3332 Orationis
1070 3262 1172 3330 editae
1199 3284 1285 3329 con·

359 3398 459 3450 textu
484 3379 747 3474 querebantur.
771 3382 847 3452 Hoc
872 3383 1006 3478 insigni
1030 3383 1106 3449 lsaei
1135 3381 1285 3474 Supple-

360 3513 482 3569 mento
507 3500 544 3569 in
569 3499 817 3571 ambrosianis
841 3499 977 3570 divitiis
1001 3499 1170 3583 detecto,
1195 3500 1286 3569 aliot

361 3642 506 3711 qnoque
531 3619 694 3690 Oratorie
719 3599 863 3687 codices
887 3619 926 3687 in
956 3618 1114 3712 publicio
1149 3619 1286 3689 Biblio·
1337 3682 1339 3688 ,

258 3773 262 3782 ·
361 3732 549 3806 thecatum
599 3737 774 3834 catalogie
826 3739 1093 3834 conquirendot
1137 3740 1285 3808 cenauit
