3284 5054
713 540 926 600 ctuonnn
1205 567 1243 625 ῳ

355 671 542 759 familiari
571 692 707 757 nostra
736 674 897 772 attrita,
927 673 1028 758 nihil
1058 674 1127 760 ille
1167 677 1286 762 nobis

355 816 492 898 deesse
511 842 650 927 passus
669 836 747 912 est,
769 817 839 898 sed
859 813 970 898 domi
993 842 1076 897 suae
1101 820 1289 929 exceptos

354 953 560 1049 educavit,
582 972 622 1033 et
650 955 701 1035 ab
731 952 886 1066 impetu
911 951 1157 1036 creditorum
1179 957 1289 1038 bona

339 1108 489 1172 'nostra
523 1091 720 1203 protexit:
757 1119 897 1173 curam
935 1091 1110 1206 denique
1148 1121 1288 1176 rerum

353 1250 583 1311 nostrarum
612 1260 694 1313 non
724 1258 837 1311 secus
876 1258 923 1311 ac
963 1258 1127 1314 suarum
1156 1232 1288 1346 gessit

353 1368 476 1482 Atqui
505 1390 664 1482 oportet
694 1366 909 1479 Cleonymi
936 1387 1114 1453 mentem
1144 1401 1194 1454 ex
1220 1370 1284 1454 his

354 1507 546 1619 operibus
576 1505 708 1619 potius
730 1532 972 1618 cognoscere
1002 1535 1124 1619 quam
1142 1538 1204 1590 ‘ex
1232 1527 1289 1592 tu·

354 1645 481 1728 bulis:
511 1665 550 1726 et
580 1642 740 1726 indiciis
783 1642 840 1726 uti
882 1672 966 1727 non
1007 1644 1057 1727 iis
1098 1674 1188 1758 quae
1217 1646 1287 1730 ille

352 1782 481 1866 iratus
506 1781 631 1866 edidit
661 1787 771 1898 (quo
803 1781 846 1864 in
883 1804 986 1865 statu
1023 1785 1169 1867 mentis
1205 1814 1290 1867 om·

354 1949 427 2005 nes
466 1951 635 2037 peccare
680 1924 886 2031 solemus)
933 1925 1004 2006 sed
1044 1922 1093 2006 iis
1142 1923 1288 2037 quibus

356 2084 448 2174 post
475 2062 576 2147 illud
610 2083 768 2175 tempus
803 2062 1042 2147 sententiam
1075 2092 1189 2146 suam
1217 2066 1289 2148 ¹de·

357 2201 533 2284 claravit.

408 2343 498 2422 Vll.
509 2344 696 2455 Namque
708 2340 954 2453 Cleonymus
966 2342 1093 2424 multo
1103 2342 1233 2455 magis
1243 2341 1288 2425 in

302 2478 313 2493 '
356 2479 569 2593 postremis
590 2476 847 2593 significavit,
868 2481 1071 2592 quomodo
1092 2481 1189 2591 erga
1214 2507 1289 2562 nos

358 2638 461 2700 esset
490 2617 678 2702 adfectus.
700 2620 836 2724 Quum
857 2617 969 2701 enim
996 2647 1046 2699 ex
1075 2646 1123 2700 eo
1142 2621 1288 2700 morbo

355 2758 642 2854 decumberet,
673 2785 754 2872 quo
774 2756 969 2841 extinctus
988 2779 1070 2854 est,
1098 2756 1289 2872 cogitavit

356 2895 405 2976 de
417 2894 494 2977 illis
510 2894 655 2976 tabulis
674 2894 944 3009 antiquandis:
965 2896 1157 3013 iussitque
1177 2900 1289 2980 aPo·

355 3026 517 3141 sidippo
540 3027 817 3140 magistratum
841 3031 1035 3115 or'cessiri.
1061 3032 1135 3113 Ille
1152 3041 1288 3127 autem
1381 3105 1389 3122 ,

353 3197 438 3252 non
481 3167 603 3250 modo
631 3196 714 3248 non
742 3170 970 3266 arcessivit,
997 3171 1068 3251 sed
1095 3195 1189 3249 eum
1217 3164 1291 3278 qui

356 3328 524 3392 venerat
541 3308 591 3390 de
612 3289 911 3420 magistiotibus
928 3308 980 3388 ad
998 3304 1144 3419 aegroti'
1161 3305 1287 3427 fores,¹

356 3447 532 3542 exclusit.
552 3446 672 3552 Quod
685 3445 850 3529 moleste
870 3443 1004 3528 ferens
1023 3445 1287 3557 Cleonymus,

354 3614 493 3672 rursus
521 3588 565 3672 in
593 3586 812 3675 crastinum
836 3585 1053 3702 imperavit
1079 3584 1214 3670 Diocli
1242 3603 1287 3670 ut
