3284 5054
577 532 780 594 SUSCEPTA
1056 558 1093 596 ar
1126 548 1130 556 '

208 671 459 765 multipliciter
482 691 687 756 versarent,
712 695 830 761 neque
854 670 951 760 quod
977 672 1021 738 ‹le¹
1048 674 1139 742 ideis

208 795 440 871 dissererent,
468 818 585 885 neque
611 792 706 885 quod
733 795 1061 885 argumentationes
1079 796 1138 860 iu·

205 916 345 984 volutas
371 933 431 980 sut
457 916 634 981 cerarium
670 931 706 979 et
743 911 944 1006 sophismos
971 913 1138 983 difficiles

207 1033 457 1124 explicarent,
484 1055 543 1099 aut
573 1043 619 1100 'ea
657 1034 938 1124 investigarent,
979 1052 1137 1124 quorum

204 1173 285 1218 cum
310 1151 463 1218 difficilis
490 1170 542 1217 est
568 1152 741 1231 inventio,
769 1169 841 1218 tum
870 1152 1030 1246 cognitio
1049 1152 1131 1218 inu·

208 1270 305 1336 tilis:
330 1293 451 1337 rursus
476 1294 548 1336 uon
574 1268 671 1361 quod
696 1269 806 1335 solem
832 1271 1047 1336 metirentur
1074 1288 1136 1339 aut

205 1389 299 1457 lunae
334 1413 475 1455 cursum
502 1405 769 1465 scrutarentur;
808 1388 870 1455 sed
893 1389 995 1481 ·quis
1036 1390 1136 1480 leges
1175 1398 1183 1407 “

209 1507 439 1589 condebant,
479 1508 610 1599 quidve
648 1506 849 1574 faciendum
886 1529 1006 1589 esset,
1048 1508 1137 1600 quid

205 1648 333 1705 secus,
358 1625 444 1717 quid
470 1626 780 1714 amplectendum,
808 1625 895 1717 quiid
925 1625 1136 1718 fugiendum

207 1743 412 1831 docebant:
437 1764 473 1814 et
503 1745 660 1838 denique
684 1745 780 1814 bunc
813 1746 1029 1813 animantem
1062 1769 1136 1816 non

210 1884 288 1931 esse
314 1864 512 1931 solitarium
538 1882 575 1932 et
598 1865 805 1959 singulum,
834 1864 894 1931 sed
923 1863 1136 1933 sociabilem

207 1981 492 2073 politicumque:
516 1983 565 2049 ita
591 2001 630 2049 ut
654 2007 735 2051 eum
761 2001 925 2077 oporteat
950 2003 986 2052 et
1010 1986 1133 2076 patriae

203 2122 325 2167 curam
366 2124 492 2193 gerere
532 2120 568 2168 et
605 2102 722 2196 legum
749 2120 785 2170 et
809 2103 1007 2171 civilitatis.
1049 2105 1133 2172 Haec

204 2238 320 2286 aurem
348 2219 400 2285 illi
428 2220 614 2310 Sapientes
640 2244 711 2287 non
736 2221 867 2288 docere
884 2220 1133 2289 tantummodo

202 2337 263 2405 sed
282 2356 318 2404 et
334 2360 444 2428 opere
470 2339 601 2430 exequi
618 2337 819 2406 studebant.
846 2341 966 2425 Quare
982 2339 1133 2406 illorum

203 2477 282 2520 cum
318 2457 450 2547 scripta
487 2456 693 2547 eloquentia
717 2455 841 2525 verbis
866 2455 1131 2546 deprehendes,

203 2587 278 2636 turn
315 2572 422 2640 etiam
457 2596 566 2663 opera
603 2574 766 2649 invicta,
803 2596 869 2639 ceu
909 2575 1130 2667 legationes,

202 2687 435 2771 imperatoria
475 2713 646 2770 munera,
687 2691 812 2782 patriae
864 2691 1128 2775 liberationes,

204 2802 352 2871 ditionis
377 2807 647 2897 acquisitiones
1119 2868 1122 2875 .

254 2920 311 2987 Ill.
337 2921 378 2987 Et
395 2922 612 2993 incunabula
630 2927 775 3020 quidem
798 2927 1035 3018 pbilosophiae
1051 2926 1128 2996 haec

207 3034 365 3102 fuerunt.
389 3037 568 3133 Deinceps
607 3068 693 3113 vero
734 3046 827 3114 idem
865 3044 1142 3137 philosophias,-

203 3153 300 3244 qund
324 3157 452 3222 ceteris
488 3159 653 3242 artibus,
694 3166 857 3258 contigit.
896 3163 984 3229 Nam
1021 3160 1157 3230 sicuti'

202 3267 273 3335 ille
308 3292 327 3335 a
365 3273 577 3341 necessitate
619 3295 728 3358 ortae,
769 3277 863 3344 intra
904 3276 1129 3343 necessitatis

202 3389 374 3454 terminos
402 3412 473 3456 nou
499 3408 696 3473 steterunt,
733 3395 900 3462 nimirum
925 3417 1043 3485 neque
1071 3416 1130 3462 ar·

202 3502 400 3576 chitectura
425 3510 516 3577 ultra
543 3536 670 3579 ‚muros
708 3533 743 3581 et
779 3533 909 3581 tectum
942 3536 1012 3580 non
1047 3535 1131 3604 pro·

202 3627 338 3708 cessit3
377 3650 496 3723 neque
535 3633 692 3705 textrina
731 3649 854 3729 tegere
888 3653 1018 3724 corpus
1044 3630 1129 3696 satis
