3284 5054
564 530 770 592 susorum·
832 486 834 491 ’
1050 533 1088 610 5⁷

204 670 289 739 veni
312 669 382 736 huc
406 668 530 737 landes
570 670 800 760 Imperatoris
830 667 1130 748 enumeraturus,

206 788 268 854 scd
293 791 412 880 potius
438 807 645 856 ostensurus
668 806 767 855 recte
786 809 841 852 me
857 783 1129 863 deliberavisse,

204 909 268 997 qui
294 931 374 975 cum
398 906 491 975 hanc
516 907 766 998 praefecturam
791 901 857 970 sub
894 920 992 969 tanto
1030 903 1131 969 Prin·
1166 984 1171 997 .

204 1025 285 1116 cipe
317 1025 467 1112 admisi,
491 1024 758 1119 philosophiam
783 1047 856 1089 non
881 1021 1042 1113 depressi
1068 1018 1132 1086 sed
1185 1104 1189 1111 Ι

203 1145 328 1210 extuli.

247 1264 322 1331 XX.
348 1265 468 1351 Quare
492 1264 564 1330 iam
590 1263 717 1329 omitto
742 1260 840 1353 quod
860 1261 1023 1328 Socrates
1045 1281 1131 1350 pry-

207 1382 311 1450 tanin
351 1383 489 1476 egerit,
516 1383 600 1471 quia
639 1404 716 1448 sors
756 1404 837 1447 eum
876 1379 1033 1458 creavit,
1060 1400 1133 1445 non

204 1497 443 1566 deliberatum
468 1500 690 1593 suffragium.
715 1499 801 1566 Cum
826 1499 977 1566 Arriano
1012 1514 1132 1564 autem

202 1635 239 1684 et
255 1618 400 1684 Rustico
417 1618 529 1685 ausim
546 1618 762 1687 contendere
785 1617 831 1687 de
851 1619 966 1713 gloria
983 1617 1131 1684 electio·

201 1736 259 1802 nis
273 1736 418 1805 'virtutis
436 1761 534 1832 ergo.
545 1739 656 1806 Porro
672 1757 791 1806 autem
804 1761 885 1806 cum
896 1737 1018 1817 video,
1031 1760 1131 1803 man·

201 1856 427 1925 suetudinem
451 1859 627 1951 Principis
652 1857 689 1925 id
716 1857 899 1948 potuisse,
936 1854 1035 1947 quod
1070 1875 1131 1920 ar-

200 1994 258 2041 ma
292 1977 464 2045 universa
502 1979 643 2046 romani
680 1977 824 2067 imperii
847 1977 980 2043 frustra
1005 1975 1128 2042 molita

199 2110 308 2176 sunt,
345 2114 381 2163 et
404 2094 470 2162 hos
496 2095 642 2186 Scythas
666 2093 807 2163 duobus
842 2093 986 2186 quidem
1025 2116 1131 2161 exer·

200 2212 334 2281 citibus
360 2236 434 2282 non
458 2214 590 2283 cedere
614 2217 874 2307 imperatorum
908 2213 1068 2280 Orientis
1093 2227 1130 2279 et

204 2333 438 2418 Occidentis,
470 2324 588 2427 neque
626 2332 925 2402 concurrentibus
965 2330 1073 2399 simul
1109 2353 1128 2396 a

199 2455 298 2547 Tigri
328 2470 365 2522 et
393 2452 549 2535 Arabia,
579 2451 642 2520 sed
676 2453 741 2520 uni
773 2452 879 2519 malle
914 2448 1128 2516 humanitati

201 2570 454 2662 obtemperare
471 2601 480 2651 3

243 2688 337 2758 XXI.
361 2685 483 2756 Laudo
507 2688 742 2778 Euripidem,
770 2688 832 2777 qui
867 2686 1003 2755 bonum
1044 2709 1128 2754 oon·

199 2805 319 2872 silium
332 2806 452 2873 multis
465 2805 628 2874 manibus
642 2805 801 2898 prefert:
816 2804 943 2872 beatos
960 2805 1128 2872 existimo
1195 2818 1200 2825 '

199 2914 452 3014 imperatores,
470 2923 603 3016 quibus
618 2923 823 2992 huiusmodi
837 2923 1027 3015 inscriptio
1040 2926 1127 3017 poni

200 3032 342 3131 potest:
367 3041 433 3108 Hic
457 3041 582 3136 gloriae
608 3064 678 3109 suae
703 3043 882 3109 neminem
909 3045 1046 3109 socium
1062 3040 1127 3109 ha·

200 3153 262 3222 bet
292 3155 454 3224 militem.
494 3156 693 3226 Ambitione
719 3157 876 3249 denique
906 3177 1006 3225 certo
1046 3182 1126 3225 cnm

512 3319 520 3343 ἱ

272 3350 353 3403 Otos
374 3349 505 3419 τροπαῖα
524 3343 667 3416 πολεμίων
688 3344 783 3422 στῆσῃ
804 3349 945 3418 seponit,

274 3421 317 3481 Οὔ
338 3427 393 3480 τόν
412 3423 578 3482 novorum
599 3420 721 3498 τοῦργον
742 3423 882 3500 ἡγοῦνται
901 3421 989 3488 τόδε.

275 3501 354 3557 AM?
373 3500 389 3557 ὅ
406 3506 569 3579 στρατηγὸς
590 3501 642 3566 riv
664 3502 783 3567 δόκησιν
804 3498 936 3573 ὄρνυται.

280 3591 356 3647 Quum
373 3591 488 3637 exercitus
505 3591 587 3639 senuit
603 3593 704 3654 trophaea
720 3593 747 3638 de
763 3592 877 3648 ὴοηίὗιιι,

276 3670 336 3716 Non
348 3671 450 3717 creditur
466 3670 506 3718 hoc
523 3688 579 3730 opus
596 3687 644 3717 erte
663 3669 817 3718 laborantium
833 3673 933 3720 militnm

280 3750 325 3799 sed
342 3751 466 3814 imperator
481 3757 585 3801 victoria
600 3751 701 3815 gloriata
717 3751 798 3816 refert.
