3284 5054
559 506 788 568 PRAEFATIO
1057 508 1089 567 13

204 651 308 701 autem
328 637 543 698 dominatione
565 656 637 698 raro
654 641 692 697 de
709 639 808 697 animi
824 637 956 697 lenitate
979 639 1132 696 deductus
1155 620 1158 628 ¹

205 746 251 791 est
281 733 384 790 Tanta
408 751 499 810 porro
523 734 661 810 pectoris
690 731 825 790 mollitia
858 747 891 790 et
916 733 1136 791 misericordia

204 827 289 897 fuit,
312 840 346 884 ut
368 845 540 904 numquam
556 825 623 883 fere
638 846 676 883 ne
692 844 820 884 reorum
835 826 965 904 quidem
982 829 1135 904 sanguiue

204 920 347 1002 gladium
361 919 523 978 imbuerit.
543 918 624 977 Tum
641 935 743 991 ates,
761 939 831 997 quae
849 918 1135 998 proficiscebantur

205 1017 246 1074 ab
266 1019 456 1073 auctoritate
485 1019 571 1093 regia
601 1029 631 1072 et
662 1035 680 1073 a
711 1017 782 1072 iure
817 1013 916 1084 belli,
950 1030 1076 1091 semper
1097 1013 1138 1072 ad

204 1111 394 1169 facilitatem
431 1114 683 1189 aequitatemque
713 1111 896 1168 referebat:
931 1129 1034 1185 neque
1068 1107 1137 1165 eius

205 1201 369 1283 pleraeque
398 1207 539 1261 victoriae
562 1205 700 1262 caedibus
722 1218 753 1262 et
774 1203 863 1261 luctu
896 1206 1137 1274 redundarunt,

207 1302 261 1356 sed
282 1319 364 1374 saepe
385 1319 421 1356 ex
445 1301 483 1357 iis
506 1318 597 1375 aequa
619 1318 708 1375 paene
729 1302 767 1356 ad
781 1299 891 1356 hostes
910 1296 1021 1356 laetitia
1041 1311 1139 1374 atque

208 1398 248 1453 ad
271 1393 427 1450 Romanos
451 1392 606 1469 pervenit.
632 1389 696 1446 Iam
713 1392 753 1447 ad
786 1390 1033 1447 munificentiam
1055 1391 1141 1465 quod

208 1488 352 1554 attinet,
382 1485 557 1542 communis
589 1484 728 1560 parentis
759 1503 926 1562 personam
949 1485 982 1540 in
1004 1485 1138 1562 imperio

209 1580 416 1640 Theodosius
447 1581 548 1637 ruitur
573 1593 642 1634 ests
679 1576 858 1653 nullusque
887 1577 948 1634 fuit
976 1582 1076 1644 ordo,
1107 1576 1140 1633 in

210 1694 303 1755 quem
327 1672 381 1730 ille
404 1671 608 1749 benignitatis
638 1688 702 1727 rum
723 1670 827 1726 sontes
843 1689 907 1726 non
935 1668 1137 1726 (irritaverit.

209 1769 289 1826 Nam
315 1768 617 1845 praeterquamquod
637 1768 712 1823 huic
727 1763 866 1843 Principi
889 1764 979 1821 finxit
999 1764 1066 1842 ipsa
1084 1783 1137 1820 na·

210 1877 285 1920 tura
300 1865 340 1919 ad
355 1859 584 1920 liberalitatem
599 1878 747 1938 magnum
762 1859 902 1915 animum
919 1871 950 1914 et
966 1855 1139 1925 excelsum,

212 1957 296 2014 idem
318 1968 390 2013 ante
412 1955 583 2033 imperium
604 1956 637 2011 in
659 1953 795 2013 fortunae
817 1954 971 2012 varietate
999 1944 1141 2010 versatus

211 2051 370 2109 humanos
391 2070 482 2109 casus
499 2063 532 2107 et
545 2052 749 2107 necessitates
766 2051 942 2128 impensius
960 2047 1143 2106 didicitmi·

215 2146 321 2204 serari.
354 2143 455 2222 Igitur
485 2163 658 2221 numquam
681 2146 853 2203 intermisit
873 2142 1043 2223 complecti
1065 2163 1144 2221 sup.

211 2237 332 2318 plices,
357 2257 472 2317 egenos
493 2239 617 2310 ditare,
639 2237 782 2316 pupillos
805 2238 913 2307 alere,
944 2237 1141 2297 tributorum

213 2351 309 2391 onera
331 2333 546 2398 imminuere..
566 2335 749 2412 provincias
770 2349 801 2391 et
823 2336 920 2392 urbes
942 2337 1027 2391 omni
1050 2354 1142 2411 gene·

176 2417 179 2424 ¹
213 2448 248 2488 re
269 2429 500 2488 beneficiorum
532 2425 741 2507 locupletare.
774 2425 892 2486 Tantas
918 2428 1016 2505 igitur
1037 2425 1143 2485 Theo-

213 2526 294 2582 dosii
317 2526 452 2582 virtutes
471 2526 543 2600 quis
557 2526 792 2602 norgaudum,
815 2525 898 2580 edita
916 2541 999 2581 nunc
1013 2524 1142 2579 demum

215 2618 276 2675 hac
298 2607 472 2687 Oratione,
494 2620 535 2675 ad
555 2617 783 2694 sempiternam
806 2619 990 2675 memoriam
1014 2629 1142 2695 tempo-

219 2711 262 2765 ris
285 2709 477 2789 propagari?
498 2710 577 2786 Quis
599 2713 676 2769 item
697 2709 932 2779 Themistium‚
964 2710 1141 2790 Symmachi

216 2800 395 2877 aequalem,
426 2818 633 2884 cognomento
655 2817 787 2884 propter
809 2807 1072 2886 perspicuitatem
1094 2808 1145 2864 di·

216 2895 310 2952 candi
330 2896 480 2975 εὖφραδῆ,
501 2913 531 2957 et
547 2915 680 2979 propter
701 2901 892 2983 singularem
907 2904 984 2962 artis
1002 2907 1143 2961 eminen-

218 2993 295 3048 tiam
324 2992 451 3062 βασιλέα
481 2998 573 3072 λόγον
595 3013 613 3052 a
636 2993 834 3056 Nazianzeuo
857 3000 901 3076 (t)
924 2997 1142 3077 appellatum,

220 3080 464 3141 cumulatiorem
499 3089 627 3165 prodire
661 3111 723 3149 non
760 3091 976 3169 gratuletur?
1010 3092 1144 3151 Prorsus

219 3180 303 3235 enim
321 3175 491 3236 Theodosii
509 3184 642 3242 virtutes
657 3188 823 3264 gratiorem
845 3188 968 3244 faciunt
983 3203 1146 3247 oratorem

217 3272 451 3332 Themistiuma
472 3275 674 3357 vicissimque
689 3279 730 3336 ob
746 3279 916 3340 Themistii
932 3281 1146 3359 eloquentiam

218 3369 315 3448 gloria
334 3364 521 3429 'Theodosii
550 3360 745 3433 luculentius
771 3374 976 3453 splendescit.
1000 3377 1044 3434 Ex
1079 3396 1145 3456 qno

220 3462 300 3522 illud
321 3458 435 3521 merito
457 3480 634 3545 sequetur,
662 3473 772 3546 utqui
795 3472 876 3530 hanc
896 3472 1079 3531 Orationem
1102 3473 1145 3533 le·

222 3558 346 3634 gerint,
367 3555 505 3616 alterum
527 3558 659 3621 alterius
680 3567 779 3643 gratia
806 3567 904 3646 magis
933 3569 1144 3629 admirentur.
