3284 5054
544 535 755 594 cononum
1069 540 1107 616 ⁵9

227 666 505 751 necessarium.
536 670 788 773 Quatenus,
819 699 843 750 o
872 670 1150 768 Athenienses,

224 809 334 889 etin
369 809 502 890 dando
541 829 581 889 et
619 809 663 889 in
698 808 933 920 accipiendo
981 810 1150 922 propin·

222 945 384 1060 quitatis
418 946 614 1031 rationem
658 949 770 1060 sequi
812 949 1149 1061 deprelreudetisr

224 1086 487 1174 Adversarius
547 1109 681 1170 autem
734 1115 842 1171 nuuc
894 1087 1150 1200 impudenter

222 1222 369 1313 iactare
410 1224 744 1307 necessitudinem
784 1246 823 1306 et
864 1222 1145 1325 adfinitatem,

222 1365 316 1477 qnia
337 1363 488 1476 aliquid
519 1361 702 1474 accipere
731 1383 964 1474 expectant3
999 1393 1142 1477 quum,

221 1502 256 1587 si
281 1503 457 1585 dandum
487 1500 591 1583 foret
611 1561 623 1596 ‚
643 1502 788 1583 multos
808 1501 972 1586 omnino
993 1523 1034 1585 et
1053 1500 1149 1593 udfu
1277 1484 1280 1492 ¹

220 1669 293 1724 nes
327 1661 367 1724 et
401 1637 551 1723 amicos
591 1641 814 1753 Cleonymo
860 1662 1148 1761 praeponerent

219 1779 277 1860 uti
306 1778 632 1893 propinquiores.

275 1919 383 2007 XXI.
412 1919 611 2002 Omnium
630 1946 720 2032 quae
741 1916 912 2000 diximus
930 1937 1050 2031 caput
1068 1938 1144 2022 est,

107 2090 110 2095 Δ
221 2057 284 2139 cui
306 2080 346 2141 et
371 2087 441 2143 vos
477 2087 616 2142 omnes
642 2078 817 2143 mentem
839 2058 1047 2141 advertere
1076 2087 1147 2139 ne·

221 2227 329 2282 cesse
347 2220 414 2282 est.
435 2198 594 2282 Scilicet
606 2220 755 2312 quanto
768 2197 896 2317 magis
916 2197 1145 2285 Adversarii

217 2340 454 2422 adseverant
494 2338 687 2450 vobisque
729 2338 898 2419 suadere
929 2357 1145 2433 conantur,

216 2481 485 2591 Cleonymum
497 2501 536 2560 et
547 2480 619 2564 has
628 2505 769 2590 reapse
784 2475 936 2558 tabulas
950 2474 1147 2561 condidis-

216 2648 276 2716 se3
297 2649 428 2734 neque
454 2619 642 2738 deinceps
666 2616 902 2739 poenitentia
922 2615 1000 2695 ulla
1025 2613 1145 2697 fnisse

216 2779 396 2875 captum,
420 2759 648 2871 nullamque
667 2778 822 2878 partem
843 2759 1044 2845 bonorum
1063 2783 1146 2837 suo·

211 2925 302 2985 rum
323 2897 495 2984 voluisse
515 2928 587 2987 nos
606 2897 784 3018 adsequi,
796 2897 866 2985 sed
886 2894 1144 2979 donationem

212 3034 310 3153 ipsis
340 3032 579 3118 confirmare
619 3039 835 3137 studuisse3
865 3038 953 3118 haec
983 3040 1148 3147 inquam
1251 3124 1254 3128 Δ

210 3173 345 3257 omniu
359 3202 449 3255 cum
469 3175 608 3257 dicunt
628 3195 666 3256 et
687 3174 933 3287 argumentis
949 3201 1142 3289 comprof

207 3317 324 3409 bunt,
351 3334 391 3394 et
421 3312 547 3395 nihilo
563 3335 700 3418 ¹tumen
719 3311 846 3423 magis
864 3310 1077 3393 ostendunt
1097 3339 1140 3393 se

212 3451 436 3562 Cleonymo
466 3452 530 3532 vel
560 3480 708 3564 genere
741 3449 979 3563 propiores,
1019 3479 1141 3564 quum

209 3616 302 3683 nos,
334 3589 396 3670 vel
426 3590 706 3672 benevolentia
736 3590 1039 3687 familiariores;
1069 3619 1141 3672 vos

209 3745 417 3836 reputate,
447 3702 715 3839 Cleonymum
732 3733 783 3815 ab
803 3729 901 3843 ipsis
928 3729 1107 3815 accusari
1126 3714 1143 3826 ‚⁵
