3284 5054
1216 558 1236 615 7
1288 560 1300 569 „

487 668 767 742 EDITORIS
803 665 1134 738 PRAEFATIO

399 1381 428 1463 Ι,
445 1289 672 1448 Nummus
697 1377 943 1446 dubitaturum
959 1377 1118 1463 confido,
1137 1384 1224 1473 quin
1248 1382 1279 1451 si
1330 1394 1481 1478 osee-010.

351 1499 555 1594 perfectum
595 1498 809 1589 eloquentiae
848 1520 959 1593 genua
998 1498 1094 1590 apud
1134 1500 1280 1570 Veteres
1298 1474 1401 1525 qum
1413 1465 1483 1515 ΜΖ

355 1618 572 1713 quaerimus,
596 1621 636 1683 in
660 1615 831 1683 Graeciam
856 1617 965 1682 immo
997 1616 1092 1708 ipsas
1121 1618 1280 1689 Athenas

350 1734 569 1808 veniendum
592 1735 649 1801 sit
675 1735 763 1807 Nam
788 1752 824 1802 et
856 1735 991 1802 Graecia
1030 1752 1143 1803 totum
1178 1761 1280 1829 paene

354 1853 479 1922 orbem
504 1852 732 1922 multitudine
757 1853 985 1949 ingeniorum
1010 1855 1279 1949 scribendoque

353 1973 555 2066 superavit,
577 1989 612 2040 et
636 1971 784 2040 Athenis
809 1994 866 2038 ars
891 1971 1036 2041 dicendi
1054 1973 1280 2044 domicilium

264 2096 269 2109 '
354 2090 425 2160 sibi
448 2091 667 2183 precipuum
695 2090 906 2158 collocavit·
936 2093 1015 2183 {pse
1052 2093 1189 2160 Tullius
1215 2094 1278 2186 qui

318 2241 321 2247 ·
352 2208 392 2276 in
432 2229 616 2275 romanam
656 2206 839 2274 civitatem
878 2206 1120 2298 eloquentiam
1163 2208 1279 2277 adhue

351 2344 454 2421 putre
492 2326 722 2421 peregrinam
757 2324 927 2404 deduxit,
952 2349 1024 2393 non
1060 2349 1103 2392 ex
1139 2329 1276 2396 Palatio

351 2444 414 2513 sed
439 2467 484 2511 ex
508 2466 624 2539 graeca
655 2442 843 2512 Academia
879 2461 998 2510 orator
1036 2445 1164 2511 extitit.
1190 2445 1278 2513 Nam

354 2580 392 2632 et
415 2562 540 2658 grecia
566 2562 744 2657 magistris
769 2584 852 2626 usus
877 2579 955 2641 est,
979 2579 1015 2627 et
1047 2559 1109 2629 diu
1140 2562 1280 2630 studuit

352 2681 392 2748 iu
415 2680 573 2762 Graecia,
598 2701 713 2773 graeca
736 2701 823 2746 vero
848 2679 1065 2770 exemplaria
1083 2703 1278 2772 numquam

356 2793 409 2862 ab'
441 2795 554 2863 oculis
593 2795 793 2865 removisse
838 2794 1006 2864 videtur:
1046 2796 1203 2890 denique
1243 2817 1280 2868 et

355 2911 608 2983 eruditissimis
632 2916 756 3010 grecis
781 2914 869 2984 viria
894 2940 1035 3010 semper
1059 2920 1137 2985 eius
1154 2918 1278 2987 domus

356 3035 490 3104 referta
514 3036 593 3103 fuit.
617 3038 689 3103 lam
715 3060 797 3129 quo·
812 3038 964 3130 quiaque
990 3063 1111 3133 graecae
1140 3039 1279 3107 littera·

354 3147 445 3223 ture
470 3154 623 3247 peritior
661 3173 736 3234 est,
760 3153 830 3223 hoc
864 3156 1086 3223 manifestius
1123 3159 1276 3238 sentiet,

353 3291 541 3366 quantum·
554 3271 678 3341 Cicero
704 3296 749 3342 ex
772 3276 870 3343 illius
887 3274 1087 3341 imitatione
1106 3296 1146 3340 ac
1163 3297 1277 3367 prope
1326 3350 1331 3359 ‚

354 3393 514 3460 exsuviis
539 3392 779 3485 locupletatus
803 3394 858 3460 sit.

354 3538 357 3545 ¹
400 3507 1277 3602 IIzEtsiautemAtlteuae,utdiximus‚prae.Graeoia
1351 3512 1479 3560 *Mt*

1294 3579 1355 3625 tium
1392 3583 1479 3626 Orato-

353 3629 520 3698 universa
532 3629 746 3720 eloquentiae
760 3651 901 3721 semper
914 3627 1040 3696 studiis
1053 3647 1159 3722 atque
1171 3629 1275 3696 insti·
1293 3663 1346 3691 run
1371 3656 1396 3694 u
1419 3664 1480 3707 pr-

353 3746 552 3816 tutionibus
568 3747 711 3840 optimis
723 3746 940 3830 floruerunt,
957 3764 1076 3817 tamen
1091 3748 1192 3815 nulla
1206 3746 1275 3815 fait
1291 3724 1392 3842 m.
1425 3716 1478 3762 ¹⁸⁸³

1138 3867 1187 3936 l*
