3284 5054
535 540 748 601 CLEONYMl
1020 564 1059 623 49

170 673 513 776 donatam.Quare
525 673 613 784 quis
625 677 1105 758 vestrumeastabnlases·

171 814 1105 927 seratasdecernat‚quastestatoripseutinique

170 950 941 1061 factasimprobaviuAdversariiautem
964 981 1103 1064 reapse

168 1094 380 1202 abrogant,
395 1118 487 1172 curn
501 1090 649 1172 anobis
664 1119 991 1206 quoqueaequam
1010 1119 1102 1203 por-
1158 1148 1163 1156 -

169 1229 319 1309 tionem
342 1229 571 1311 hereditatis
592 1227 895 1340 percipiendam
926 1251 1101 1312 censent

224 1369 352 1448 XVII.
394 1369 544 1451 Ptaeter
585 1369 774 1449 hacteuus
813 1369 948 1464 dicta,
990 1369 1104 1453 vobis

170 1504 290 1586 etiam
320 1507 596 1588 demonstrare
635 1534 707 1587 nos
743 1535 953 1617 possumus
983 1510 1103 1590 hasce

170 1645 327 1724 tabulas
356 1664 395 1725 et
423 1643 579 1756 legibus
620 1666 659 1725 et
695 1645 872 1757 aequitati
910 1670 950 1728 et
979 1647 1103 1758 ipsius

164 1781 349 1864 testantis
368 1782 495 1864 menti
512 1782 729 1864 advers'ari.
740 1784 929 1866 Existimo
948 1808 1101 1883 autem,

171 1917 234 2003 ine
282 1942 464 2003 nostrum
509 1948 579 2003 vos
627 1925 678 2003 ab
721 1923 817 2035 ipsis
851 1923 1103 2006 Adversariis
1199 1969 1201 1973 η

169 2058 466 2143 evidentissime
487 2088 603 2173 posse
625 2088 877 2175 cognoscere.
906 2063 1012 2145 Nam
1053 2059 1104 2143 si·

168 2197 258 2310 quis
278 2226 347 2281 eos
366 2219 499 2312 roget,
520 2227 592 2280 cur
614 2199 689 2281 sibi
711 2199 922 2311 Cleonymi
945 2200 1101 2282 heredi·

170 2358 292 2419 tatem
305 2336 525 2432 vindicent3
539 2336 675 2450 utique
687 2341 974 2451 respondeant,
990 2340 1100 2451 quod

78 2526 83 2536 ·
169 2495 208 2553 et
230 2504 377 2587 genere
397 2477 511 2558 illurn
533 2475 778 2588 aliquantum
799 2477 1031 2590 adtingam,
1059 2497 1099 2559 et
1216 2514 1220 2523 ·

171 2611 277 2694 idem
298 2644 367 2697 eos
388 2617 438 2697 ad
459 2638 614 2730 tempus
636 2615 794 2727 aliquod
817 2614 1099 2698 benevolentia

169 2754 399 2863 complexus
419 2754 480 2837 sit
502 2757 686 2837 Inmvero
706 2775 840 2836 utrum
869 2783 944 2867 pro
973 2784 1016 2837 se
1045 2785 1098 2838 an

169 2888 302 3000 potius
323 2919 398 3001 pro
418 2894 535 2976 uobis
554 2895 640 2975 haec
660 2891 853 2976 dixerint?
880 2896 985 2977 Nam
1011 2896 1098 2978 sive

168 3048 336 3139 propter
369 3031 528 3141 generis
557 3030 800 3116 adfinitatem
829 3055 987 3146 oportet
1007 3032 1097 3117 fieri

166 3168 389 3264 heredem3
426 3195 499 3248 nos
543 3171 737 3282 sanguiue
785 3171 1096 3282 propinquiores

165 3332 317 3388 sumus:
344 3306 437 3388 sive
461 3329 626 3418 propter
656 3308 882 3402 adfectuum
907 3309 1095 3392 omuibus

165 3472 330 3559 prorsus
355 3446 605 3556 exploratum
630 3465 706 3541 est,
731 3447 996 3558 Cleonymum
1025 3476 1095 3531 ne·

165 3582 266 3664 mini
297 3586 572 3669 vehementius
592 3615 712 3699 quam
742 3585 858 3667 nobis
886 3587 1091 3669 studuisse.

161 3721 303 3824 Quare
328 3752 410 3808 nou
432 3755 488 3808 ex
514 3726 629 3810 nobis
657 3727 727 3809 sed
765 3754 814 3810 ex
842 3726 1093 3810 Adversariis

199 3884 201 3888 ’
953 3879 974 3937 4
