3284 5054
572 542 606 580 rs
879 521 1072 582 unlrouts

525 676 605 721 cum
629 654 756 722 Tullio*
772 677 932 750 pugnare
958 654 1081 748 (quod
1106 654 1200 724 esset
1223 655 1441 743 absurdum)

523 768 666 852 dicam3
691 795 740 840 ete
775 772 920 864 quidem
958 771 1110 854 londes,
1150 795 1237 864 quas
1267 773 1312 842 de
1337 770 1443 865 Lysia

523 889 662 958 Tullius
686 890 837 973 recitat,
863 913 906 958 ex
935 891 1098 980 Dionysii
1137 890 1313 960 sententis
1351 895 1443 960 mul-

524 1023 561 1074 to
593 1006 844 1075 cumulatiores
868 1008 953 1075 lsseo
989 1006 1178 1079 debentur.
1202 1009 1245 1076 Et
1268 1010 1439 1103 quoniam

525 1147 570 1192 ex
587 1125 704 1193 Tullio
726 1147 767 1192 uc
783 1125 957 1216 Dionysio
977 1126 1164 1193 illustrare
1182 1129 1304 1195 lsaeum
1323 1116 1414 1221 coepi
1432 1181 1443 1211 ‚

483 1298 485 1302 Α
523 1240 616 1307 illud
639 1242 747 1309 etism
771 1260 875 1324 noto.
899 1243 1080 1310 neminem
1095 1243 1207 1338 magis
1232 1243 1444 1312 aCiccrone

525 1358 685 1441 laudari.
724 1382 847 1452 quum,
881 1378 922 1428 ut
959 1382 1025 1453 pst·
1055 1377 1132 1444 est,
1157 1360 1444 1430 Demosthenem.

472 1564 478 1575 1
523 1478 710 1561 Recordor‚
725 1479 843 1571 iuquit
868 1488 927 1560 (ι),
951 1500 1002 1544 me
1032 1480 1132 1567 longe
1159 1479 1315 1546 omnibus
1339 1503 1446 1546 unum

523 1598 698 1687 anteferre.
722 1596 992 1663 Demosthenem
1031 1597 1105 1664 Hoc
1134 1621 1195 1664 nec
1225 1595 1362 1688 gravior
1383 1621 1445 1665 ex·

525 1711 599 1780 titis
618 1713 819 1803 quisquam.
848 1735 908 1779 nec
938 1713 1100 1780 callidior
1121 1739 1183 1783 nec
1218 1716 1444 1806 temperatior.

524 1829 634 1897 Porro
670 1829 863 1919 Dionysius
890 1830 1013 1896 {scum
1051 1828 1194 1899 disertis
1218 1832 1339 1900 verbis
1375 1836 1445 1902 De·

523 1944 752 2013 mosthenicae
776 1946 958 2040 gravitatis
992 1945 1129 2013 fontem
1163 1949 1331 2040 appellnt.
1373 1952 1445 2019 De·

525 2063 635 2154 nique
668 2061 763 2130 idem
801 2062 991 2153 Dionysius
1031 2082 1176 2147 narrat,
1219 2064 1263 2131 ab
1296 2067 1445 2159 sumque

524 2177 678 2271 quodum
703 2180 882 2248 causidico
905 2180 1039 2272 Pythes
1073 2183 1159 2250 satis
1183 2180 1355 2278 graphice
1381 2180 1444 2250 de·
1544 2225 1547 2230 Δ
1617 2240 1622 2249 .

523 2297 696 2390 scriptum
719 2296 1023 2382 Demosthenem,
1058 2322 1141 2367 cunr
1164 2298 1260 2366 hunc
1292 2299 1354 2365 ille
1388 2298 1445 2365 di·

525 2429 624 2480 ceret
640 2429 752 2480 totum
766 2413 892 2480 Isaeom
911 2411 1060 2504 eiusque
1081 2411 1280 2482 rhetoricas
1298 2410 1444 2481 technas

525 2528 725 2598 imbibisse.

359 2664 411 2711 ros
425 2662 507 2709 oneo
572 2643 612 2708 V.
620 2643 800 2710 Hactenus
815 2644 938 2715 Isaeum
955 2663 1000 2709 ex
1012 2640 1163 2709 aliorum
1177 2641 1365 2709 sententiis
1382 2664 1445 2737 ge·

327 2731 509 2862 3ωέἘῦΪὲ
524 2761 677 2827 nerstim
706 2757 858 2827 laudavi.
883 2758 986 2827 Nunc
1012 2775 1051 2825 nt
1082 2755 1174 2824 hanc
1210 2758 1445 2841 Orationem,

327 2867 460 2928 1'·”‘¹³”¹··
527 2900 604 2971 quae
621 2900 716 2943 nunc
727 2880 881 2969 primunr
896 2877 1037 2970 integra
1051 2873 1240 2943 excuditur
1255 2926 1265 2959 ‚
1283 2897 1351 2969 ego
1367 2877 1445 2968 ipse

525 2994 649 3088 paucis
676 2991 938 3073 commendem
963 2991 1051 3060 mihi
1081 2991 1228 3086 quidem
1268 2990 1445 3060 mirabilis

528 3115 672 3181 omniuo
695 3110 839 3182 videtur
861 3112 994 3191 Ismuc,
1031 3110 1108 3202 qui.
1132 3111 1170 3178 in
1205 3098 1277 3179 tum
1317 3111 1446 3200 exiguo

404 3297 407 3303 .
526 3230 673 3297 muteris
698 3228 854 3321 copiosis
878 3226 968 3294 adeo
1007 3228 1194 3321 acutisque
1228 3224 1444 3321 argumentis

528 3344 695 3414 abundat.
728 3344 827 3413 Nihil
866 3348 987 3427 enim,
1025 3343 1122 3437 quod
1157 3344 1197 3411 in
1238 3340 1305 3406 hcc
1338 3360 1445 3419 causa
1543 3387 1546 3393 ι

527 3454 722 3556 excogitari
747 3482 904 3555 poterat,
927 3461 1085 3531 omittit:
1110 3457 1345 3547 omnibusque
1364 3479 1445 3524 oru-

527 3580 628 3649 toriis
650 3579 740 3647 locis
763 3581 814 3647 its
828 3577 982 3648 feliciter
999 3581 1110 3649 utitur
1126 3626 1136 3658 ‚
1160 3593 1201 3642 ut
1216 3573 1444 3666 disciplinam

566 3755 607 3820 (r)
627 3753 726 3806 Orator
743 3762 799 3804 vti.
