<?xml version="1.0" encoding="UTF-8"?>
<!DOCTYPE html PUBLIC "-//W3C//DTD XHTML 1.0 Transitional//EN"
    "http://www.w3.org/TR/xhtml1/DTD/xhtml1-transitional.dtd">
<html xmlns="http://www.w3.org/1999/xhtml" xml:lang="en" lang="en">
 <head>
  <title>
</title>
<meta http-equiv="Content-Type" content="text/html;charset=utf-8" />
  <meta name='ocr-system' content='tesseract 3.04.00' />
  <meta name='ocr-capabilities' content='ocr_page ocr_carea ocr_par ocr_line ocrx_word'/>
</head>
<body>
  <div class='ocr_page' id='page_1' title='image "./fragmentainedit00maigoog/fragmentainedit00maigoog_0064.png"; bbox 0 0 3284 5054; ppageno 0'>
   <div class='ocr_carea' id='block_1_1' title="bbox 729 540 1269 621">
    <p class='ocr_par' dir='ltr' id='par_1_1' title="bbox 729 540 1269 621">
     <span class='ocr_line' id='line_1_1' title="bbox 729 540 1269 621; baseline -0.015 -17"><span class='ocrx_word' id='word_1_1' title='bbox 729 541 897 605; x_wconf 79' lang='lat' dir='ltr'><strong>nactas</strong></span> <span class='ocrx_word' id='word_1_2' title='bbox 1198 540 1239 621; x_wconf 79' lang='lat'><strong>⁶⁹</strong></span> <span class='ocrx_word' id='word_1_3' title='bbox 1263 585 1269 595; x_wconf 87' lang='lat'><strong>.</strong></span> 
     </span>
    </p>
   </div>
   <div class='ocr_carea' id='block_1_2' title="bbox 351 686 548 734">
    <p class='ocr_par' dir='ltr' id='par_1_2' title="bbox 351 686 548 734">
     <span class='ocr_line' id='line_1_2' title="bbox 351 686 548 734; baseline -0.005 0"><span class='ocrx_word' id='word_1_4' title='bbox 351 686 548 734; x_wconf 65' lang='lat' dir='ltr'><strong>mesas.</strong></span> 
     </span>
    </p>
   </div>
   <div class='ocr_carea' id='block_1_3' title="bbox 350 792 1285 3626">
    <p class='ocr_par' dir='ltr' id='par_1_3' title="bbox 350 792 1285 2557">
     <span class='ocr_line' id='line_1_3' title="bbox 350 792 1283 891; baseline -0.009 -20"><span class='ocrx_word' id='word_1_5' title='bbox 350 803 411 872; x_wconf 85' lang='lat'>111.</span> <span class='ocrx_word' id='word_1_6' title='bbox 436 803 469 872; x_wconf 62' lang='lat'><strong>5·</strong></span> <span class='ocrx_word' id='word_1_7' title='bbox 523 806 553 868; x_wconf 65' lang='grc' dir='ltr'><strong>ιζ</strong></span> <span class='ocrx_word' id='word_1_8' title='bbox 575 795 807 891; x_wconf 89' lang='lat' dir='ltr'><strong>Loquebatur</strong></span> <span class='ocrx_word' id='word_1_9' title='bbox 824 793 960 864; x_wconf 89' lang='lat' dir='ltr'><strong>Laches</strong></span> <span class='ocrx_word' id='word_1_10' title='bbox 985 811 1089 888; x_wconf 91' lang='lat' dir='ltr'><strong>pater</strong></span> <span class='ocrx_word' id='word_1_11' title='bbox 1105 792 1283 887; x_wconf 82' lang='lat' dir='ltr'><strong>Pamphili</strong></span> 
     </span>
     <span class='ocr_line' id='line_1_4' title="bbox 630 912 1282 1009; baseline -0.008 -23"><span class='ocrx_word' id='word_1_12' title='bbox 630 917 674 987; x_wconf 91' lang='lat' dir='ltr'><strong>ad</strong></span> <span class='ocrx_word' id='word_1_13' title='bbox 693 916 929 1009; x_wconf 86' lang='lat' dir='ltr'><strong>Phidippum,</strong></span> <span class='ocrx_word' id='word_1_14' title='bbox 946 913 1009 1009; x_wconf 90' lang='lat' dir='ltr'><strong>qui</strong></span> <span class='ocrx_word' id='word_1_15' title='bbox 1023 915 1180 994; x_wconf 86' lang='lat' dir='ltr'><strong>dixerat,</strong></span> <span class='ocrx_word' id='word_1_16' title='bbox 1199 912 1282 981; x_wconf 87' lang='lat' dir='ltr'><strong>ideo</strong></span> 
     </span>
     <span class='ocr_line' id='line_1_5' title="bbox 624 1029 1283 1125; baseline -0.012 -18"><span class='ocrx_word' id='word_1_17' title='bbox 624 1061 698 1107; x_wconf 90' lang='lat' dir='ltr'><strong>non</strong></span> <span class='ocrx_word' id='word_1_18' title='bbox 710 1037 830 1106; x_wconf 81' lang='lat' dir='ltr'><strong>redire</strong></span> <span class='ocrx_word' id='word_1_19' title='bbox 842 1034 1114 1115; x_wconf 78' lang='lat' dir='ltr'>Philumenam,</span> <span class='ocrx_word' id='word_1_20' title='bbox 1137 1031 1223 1125; x_wconf 88' lang='lat' dir='ltr'><strong>quia</strong></span> <span class='ocrx_word' id='word_1_21' title='bbox 1240 1029 1283 1099; x_wconf 88' lang='lat' dir='ltr'><strong>fi-</strong></span> 
     </span>
     <span class='ocr_line' id='line_1_6' title="bbox 626 1148 1285 1247; baseline -0.014 -21"><span class='ocrx_word' id='word_1_22' title='bbox 626 1159 714 1226; x_wconf 90' lang='lat' dir='ltr'><strong>lium</strong></span> <span class='ocrx_word' id='word_1_23' title='bbox 731 1159 808 1225; x_wconf 90' lang='lat' dir='ltr'><strong>eius</strong></span> <span class='ocrx_word' id='word_1_24' title='bbox 821 1154 1044 1247; x_wconf 85' lang='lat' dir='ltr'><strong>Pamphilum</strong></span> <span class='ocrx_word' id='word_1_25' title='bbox 1058 1148 1285 1244; x_wconf 77' lang='lat' dir='ltr'><strong>expectabat.</strong></span> 
     </span>
     <span class='ocr_line' id='line_1_7' title="bbox 354 1268 1283 1366; baseline -0.01 -19"><span class='ocrx_word' id='word_1_26' title='bbox 354 1278 410 1347; x_wconf 85' lang='lat' dir='ltr'><strong>lv.</strong></span> <span class='ocrx_word' id='word_1_27' title='bbox 449 1301 477 1344; x_wconf 89' lang='lat'><strong>1.</strong></span> <span class='ocrx_word' id='word_1_28' title='bbox 530 1301 558 1345; x_wconf 87' lang='lat' dir='ltr'><strong>r.</strong></span> <span class='ocrx_word' id='word_1_29' title='bbox 583 1270 923 1366; x_wconf 82' lang='lat' dir='ltr'><strong>TimensMyrrhina</strong></span> <span class='ocrx_word' id='word_1_30' title='bbox 935 1293 1049 1342; x_wconf 89' lang='lat' dir='ltr'><strong>mater</strong></span> <span class='ocrx_word' id='word_1_31' title='bbox 1063 1268 1283 1341; x_wconf 70' lang='lat' dir='ltr'><strong>Philumenae</strong></span> 
     </span>
     <span class='ocr_line' id='line_1_8' title="bbox 629 1392 1282 1486; baseline -0.005 -25"><span class='ocrx_word' id='word_1_32' title='bbox 629 1392 726 1486; x_wconf 85' lang='lat' dir='ltr'><strong>quod</strong></span> <span class='ocrx_word' id='word_1_33' title='bbox 750 1392 946 1486; x_wconf 76' lang='lat' dir='ltr'>Phidippus</span> <span class='ocrx_word' id='word_1_34' title='bbox 972 1393 1131 1462; x_wconf 82' lang='lat' dir='ltr'><strong>audisset</strong></span> <span class='ocrx_word' id='word_1_35' title='bbox 1155 1413 1282 1460; x_wconf 87' lang='lat' dir='ltr'><strong>vocem</strong></span> 
     </span>
     <span class='ocr_line' id='line_1_9' title="bbox 627 1507 1281 1607; baseline -0.006 -28"><span class='ocrx_word' id='word_1_36' title='bbox 627 1512 732 1605; x_wconf 92' lang='lat' dir='ltr'><strong>pueri</strong></span> <span class='ocrx_word' id='word_1_37' title='bbox 749 1512 952 1607; x_wconf 80' lang='lat' dir='ltr'><strong>vagientis,</strong></span> <span class='ocrx_word' id='word_1_38' title='bbox 978 1507 1123 1577; x_wconf 81' lang='lat' dir='ltr'><strong>dicebat</strong></span> <span class='ocrx_word' id='word_1_39' title='bbox 1147 1532 1281 1577; x_wconf 87' lang='lat' dir='ltr'><strong>secum.</strong></span> 
     </span>
     <span class='ocr_line' id='line_1_10' title="bbox 443 1627 1284 1721; baseline -0.002 -23"><span class='ocrx_word' id='word_1_40' title='bbox 443 1655 474 1699; x_wconf 81' lang='lat' dir='ltr'><strong>a.</strong></span> <span class='ocrx_word' id='word_1_41' title='bbox 527 1654 556 1700; x_wconf 88' lang='lat'><strong>1.</strong></span> <span class='ocrx_word' id='word_1_42' title='bbox 581 1631 737 1700; x_wconf 76' lang='lat' dir='ltr'><strong>Excusat</strong></span> <span class='ocrx_word' id='word_1_43' title='bbox 752 1633 953 1700; x_wconf 83' lang='lat' dir='ltr'><strong>sesostrata</strong></span> <span class='ocrx_word' id='word_1_44' title='bbox 969 1628 1064 1721; x_wconf 91' lang='lat' dir='ltr'><strong>apud</strong></span> <span class='ocrx_word' id='word_1_45' title='bbox 1076 1627 1200 1707; x_wconf 83' lang='lat' dir='ltr'><strong>hlium,</strong></span> <span class='ocrx_word' id='word_1_46' title='bbox 1210 1650 1284 1696; x_wconf 91' lang='lat' dir='ltr'><strong>non</strong></span> 
     </span>
     <span class='ocr_line' id='line_1_11' title="bbox 629 1746 1281 1842; baseline -0.005 -24"><span class='ocrx_word' id='word_1_47' title='bbox 629 1772 700 1818; x_wconf 83' lang='lat' dir='ltr'><strong>sure</strong></span> <span class='ocrx_word' id='word_1_48' title='bbox 719 1749 832 1842; x_wconf 77' lang='lat' dir='ltr'><strong>culpo</strong></span> <span class='ocrx_word' id='word_1_49' title='bbox 849 1749 962 1817; x_wconf 86' lang='lat' dir='ltr'><strong>fuisse</strong></span> <span class='ocrx_word' id='word_1_50' title='bbox 980 1746 1075 1840; x_wconf 86' lang='lat' dir='ltr'><strong>quod</strong></span> <span class='ocrx_word' id='word_1_51' title='bbox 1093 1771 1184 1815; x_wconf 87' lang='lat' dir='ltr'><strong>uxor</strong></span> <span class='ocrx_word' id='word_1_52' title='bbox 1202 1749 1281 1816; x_wconf 92' lang='lat' dir='ltr'><strong>eius</strong></span> 
     </span>
     <span class='ocr_line' id='line_1_12' title="bbox 625 1867 1282 1938; baseline -0.008 -1"><span class='ocrx_word' id='word_1_53' title='bbox 625 1891 772 1938; x_wconf 86' lang='lat' dir='ltr'><strong>reversa</strong></span> <span class='ocrx_word' id='word_1_54' title='bbox 789 1869 836 1938; x_wconf 90' lang='lat' dir='ltr'><strong>sit</strong></span> <span class='ocrx_word' id='word_1_55' title='bbox 850 1867 895 1936; x_wconf 88' lang='lat' dir='ltr'><strong>ad</strong></span> <span class='ocrx_word' id='word_1_56' title='bbox 912 1867 1057 1935; x_wconf 89' lang='lat' dir='ltr'><strong>domum</strong></span> <span class='ocrx_word' id='word_1_57' title='bbox 1072 1885 1282 1936; x_wconf 85' lang='lat' dir='ltr'><strong>maternam.</strong></span> 
     </span>
     <span class='ocr_line' id='line_1_13' title="bbox 527 1988 1282 2089; baseline 0.003 -30"><span class='ocrx_word' id='word_1_58' title='bbox 527 1988 559 2059; x_wconf 87' lang='lat'><strong>5.</strong></span> <span class='ocrx_word' id='word_1_59' title='bbox 583 1989 726 2060; x_wconf 87' lang='lat' dir='ltr'><strong>Dictum</strong></span> <span class='ocrx_word' id='word_1_60' title='bbox 761 2008 816 2060; x_wconf 84' lang='lat' dir='ltr'><strong>est</strong></span> <span class='ocrx_word' id='word_1_61' title='bbox 849 1996 1016 2089; x_wconf 87' lang='lat' dir='ltr'><strong>superius</strong></span> <span class='ocrx_word' id='word_1_62' title='bbox 1044 2008 1081 2071; x_wconf 74' lang='grc' dir='ltr'><strong>(ι)</strong></span> <span class='ocrx_word' id='word_1_63' title='bbox 1108 1989 1282 2084; x_wconf 82' lang='lat' dir='ltr'><strong>quoniam</strong></span> 
     </span>
     <span class='ocr_line' id='line_1_14' title="bbox 626 2111 1281 2208; baseline 0.008 -30"><span class='ocrx_word' id='word_1_64' title='bbox 626 2111 833 2205; x_wconf 85' lang='lat' dir='ltr'><strong>Pamphilus</strong></span> <span class='ocrx_word' id='word_1_65' title='bbox 858 2116 954 2208; x_wconf 89' lang='lat' dir='ltr'><strong>patri</strong></span> <span class='ocrx_word' id='word_1_66' title='bbox 975 2117 1129 2199; x_wconf 80' lang='lat' dir='ltr'><strong>dixerit,</strong></span> <span class='ocrx_word' id='word_1_67' title='bbox 1156 2115 1281 2185; x_wconf 90' lang='lat' dir='ltr'><strong>matris</strong></span> 
     </span>
     <span class='ocr_line' id='line_1_15' title="bbox 629 2234 1281 2329; baseline 0.011 -34"><span class='ocrx_word' id='word_1_68' title='bbox 629 2251 787 2298; x_wconf 87' lang='lat' dir='ltr'><strong>amorem</strong></span> <span class='ocrx_word' id='word_1_69' title='bbox 838 2236 1047 2329; x_wconf 85' lang='lat' dir='ltr'><strong>pariterque</strong></span> <span class='ocrx_word' id='word_1_70' title='bbox 1103 2234 1281 2303; x_wconf 88' lang='lat' dir='ltr'><strong>honorem</strong></span> 
     </span>
     <span class='ocr_line' id='line_1_16' title="bbox 625 2349 1280 2441; baseline 0.008 -26"><span class='ocrx_word' id='word_1_71' title='bbox 625 2349 889 2441; x_wconf 79' lang='lat' dir='ltr'><strong>praeferendum</strong></span> <span class='ocrx_word' id='word_1_72' title='bbox 914 2377 992 2424; x_wconf 87' lang='lat' dir='ltr'><strong>esse</strong></span> <span class='ocrx_word' id='word_1_73' title='bbox 1008 2356 1121 2422; x_wconf 89' lang='lat' dir='ltr'><strong>amori</strong></span> <span class='ocrx_word' id='word_1_74' title='bbox 1138 2354 1280 2422; x_wconf 80' lang='lat' dir='ltr'><strong>uxoris:</strong></span> 
     </span>
     <span class='ocr_line' id='line_1_17' title="bbox 626 2467 1282 2557; baseline 0.009 -24"><span class='ocrx_word' id='word_1_75' title='bbox 626 2467 724 2557; x_wconf 91' lang='lat' dir='ltr'><strong>quod</strong></span> <span class='ocrx_word' id='word_1_76' title='bbox 756 2471 913 2539; x_wconf 75' lang='lat' dir='ltr'><strong>Sostrata</strong></span> <span class='ocrx_word' id='word_1_77' title='bbox 945 2472 1120 2557; x_wconf 90' lang='lat' dir='ltr'><strong>audiens,</strong></span> <span class='ocrx_word' id='word_1_78' title='bbox 1149 2474 1282 2541; x_wconf 91' lang='lat' dir='ltr'><strong>iterum</strong></span> 
     </span>
    </p>

    <p class='ocr_par' dir='ltr' id='par_1_4' title="bbox 445 2571 1276 2778">
     <span class='ocr_line' id='line_1_18' title="bbox 626 2571 1218 2658; baseline 0.008 -7"><span class='ocrx_word' id='word_1_79' title='bbox 626 2571 775 2654; x_wconf 81' lang='lat' dir='ltr'><strong>reduxit</strong></span> <span class='ocrx_word' id='word_1_80' title='bbox 801 2587 845 2655; x_wconf 90' lang='lat' dir='ltr'><strong>ad</strong></span> <span class='ocrx_word' id='word_1_81' title='bbox 871 2589 1080 2658; x_wconf 88' lang='lat' dir='ltr'><strong>memoriam</strong></span> <span class='ocrx_word' id='word_1_82' title='bbox 1109 2590 1218 2657; x_wconf 87' lang='lat' dir='ltr'><strong>iliius.</strong></span> 
     </span>
     <span class='ocr_line' id='line_1_19' title="bbox 445 2702 1276 2778; baseline 0.005 -8"><span class='ocrx_word' id='word_1_83' title='bbox 445 2704 477 2770; x_wconf 81' lang='grc'><strong>3.</strong></span> <span class='ocrx_word' id='word_1_84' title='bbox 527 2725 557 2774; x_wconf 88' lang='lat'><strong>1.</strong></span> <span class='ocrx_word' id='word_1_85' title='bbox 581 2702 716 2773; x_wconf 88' lang='lat' dir='ltr'><strong>Laches</strong></span> <span class='ocrx_word' id='word_1_86' title='bbox 766 2705 905 2776; x_wconf 88' lang='lat' dir='ltr'><strong>audivit</strong></span> <span class='ocrx_word' id='word_1_87' title='bbox 951 2711 1145 2778; x_wconf 88' lang='lat' dir='ltr'><strong>Sostratam</strong></span> <span class='ocrx_word' id='word_1_88' title='bbox 1194 2729 1276 2775; x_wconf 91' lang='lat' dir='ltr'><strong>cum</strong></span> 
     </span>
    </p>

    <p class='ocr_par' dir='ltr' id='par_1_5' title="bbox 625 2823 1060 2918">
     <span class='ocr_line' id='line_1_20' title="bbox 625 2823 1060 2918; baseline -0.002 -27"><span class='ocrx_word' id='word_1_89' title='bbox 625 2823 812 2918; x_wconf 84' lang='lat' dir='ltr'><strong>Pamphilo</strong></span> <span class='ocrx_word' id='word_1_90' title='bbox 840 2826 1060 2918; x_wconf 86' lang='lat' dir='ltr'><strong>loquentem.</strong></span> 
     </span>
    </p>

    <p class='ocr_par' dir='ltr' id='par_1_6' title="bbox 582 2940 1280 3276">
     <span class='ocr_line' id='line_1_21' title="bbox 582 2940 1280 3016; baseline -0.004 -6"><span class='ocrx_word' id='word_1_91' title='bbox 582 2940 754 3012; x_wconf 84' lang='lat' dir='ltr'>PROCVL</span> <span class='ocrx_word' id='word_1_92' title='bbox 781 2945 888 3015; x_wconf 86' lang='lat' dir='ltr'>HINC</span> <span class='ocrx_word' id='word_1_93' title='bbox 907 2944 1052 3016; x_wconf 83' lang='lat' dir='ltr'><strong>s‘rANs.</strong></span> <span class='ocrx_word' id='word_1_94' title='bbox 1064 2943 1114 3010; x_wconf 82' lang='lat' dir='ltr'><strong>Er</strong></span> <span class='ocrx_word' id='word_1_95' title='bbox 1128 2940 1280 3009; x_wconf 87' lang='lat' dir='ltr'><strong>adverso</strong></span> 
     </span>
     <span class='ocr_line' id='line_1_22' title="bbox 627 3061 1280 3158; baseline 0.003 -31"><span class='ocrx_word' id='word_1_96' title='bbox 627 3079 664 3128; x_wconf 92' lang='lat' dir='ltr'><strong>et</strong></span> <span class='ocrx_word' id='word_1_97' title='bbox 701 3061 825 3133; x_wconf 87' lang='lat' dir='ltr'><strong>dicens</strong></span> <span class='ocrx_word' id='word_1_98' title='bbox 862 3063 959 3158; x_wconf 86' lang='lat' dir='ltr'><strong>quod</strong></span> <span class='ocrx_word' id='word_1_99' title='bbox 994 3062 1197 3132; x_wconf 89' lang='lat' dir='ltr'><strong>dimitteret</strong></span> <span class='ocrx_word' id='word_1_100' title='bbox 1220 3082 1280 3129; x_wconf 86' lang='lat' dir='ltr'><strong>ur·</strong></span> 
     </span>
     <span class='ocr_line' id='line_1_23' title="bbox 627 3173 1060 3276; baseline 0.007 -33"><span class='ocrx_word' id='word_1_101' title='bbox 627 3173 711 3244; x_wconf 90' lang='lat' dir='ltr'><strong>bern</strong></span> <span class='ocrx_word' id='word_1_102' title='bbox 737 3198 773 3247; x_wconf 88' lang='lat' dir='ltr'><strong>et</strong></span> <span class='ocrx_word' id='word_1_103' title='bbox 796 3198 965 3276; x_wconf 78' lang='lat' dir='ltr'><strong>pergeret</strong></span> <span class='ocrx_word' id='word_1_104' title='bbox 989 3203 1060 3248; x_wconf 87' lang='lat' dir='ltr'><strong>rus.</strong></span> 
     </span>
    </p>

    <p class='ocr_par' dir='ltr' id='par_1_7' title="bbox 443 3292 1280 3626">
     <span class='ocr_line' id='line_1_24' title="bbox 443 3292 1279 3390; baseline 0.005 -29"><span class='ocrx_word' id='word_1_105' title='bbox 443 3313 475 3382; x_wconf 50' lang='grc' dir='ltr'><strong><em>ᾳ</em></strong></span> <span class='ocrx_word' id='word_1_106' title='bbox 528 3292 1279 3390; x_wconf 58' lang='grc' dir='ltr'><strong>ιΗΜψμοὼαῳπὸὼωεωω</strong></span> 
     </span>
     <span class='ocr_line' id='line_1_25' title="bbox 627 3396 1280 3509; baseline 0.002 -26"><span class='ocrx_word' id='word_1_107' title='bbox 627 3413 899 3500; x_wconf 78' lang='lat' dir='ltr'><strong>Philumenam,</strong></span> <span class='ocrx_word' id='word_1_108' title='bbox 924 3415 1021 3509; x_wconf 90' lang='lat' dir='ltr'><strong>quod</strong></span> <span class='ocrx_word' id='word_1_109' title='bbox 1047 3396 1221 3485; x_wconf 64' lang='lat' dir='ltr'><strong>celaverit</strong></span> <span class='ocrx_word' id='word_1_110' title='bbox 1244 3413 1280 3484; x_wconf 85' lang='lat' dir='ltr'><strong>ei</strong></span> 
     </span>
     <span class='ocr_line' id='line_1_26' title="bbox 625 3552 781 3626; baseline 0.019 -27"><span class='ocrx_word' id='word_1_111' title='bbox 625 3552 781 3626; x_wconf 88' lang='lat' dir='ltr'><strong>partum.</strong></span> 
     </span>
    </p>
   </div>
   <div class='ocr_carea' id='block_1_4' title="bbox 365 3767 695 3855">
    <p class='ocr_par' dir='ltr' id='par_1_8' title="bbox 365 3767 695 3855">
     <span class='ocr_line' id='line_1_27' title="bbox 365 3767 695 3855; baseline 0.015 -31"><span class='ocrx_word' id='word_1_112' title='bbox 365 3767 695 3855; x_wconf 36' lang='grc' dir='ltr'><strong>ςυωῶλωῇ.</strong></span> 
     </span>
    </p>
   </div>
   <div class='ocr_carea' id='block_1_5' title="bbox 0 0 1646 5054">
    <p class='ocr_par' dir='ltr' id='par_1_9' title="bbox 0 0 1646 5054">
     <span class='ocr_line' id='line_1_28' title="bbox 0 0 1646 5054; baseline 0 1"><span class='ocrx_word' id='word_1_113' title='bbox 0 0 1646 5054; x_wconf 95' lang='lat' dir='ltr'><strong> </strong></span> 
     </span>
    </p>
   </div>
  </div>
 </body>
</html>
