3284 5054
550 569 755 633 susannis
1034 589 1078 649 47-

183 706 416 778 venerandus
446 704 536 774 mihi
567 708 713 799 quidem
747 704 811 772 ille
838 721 892 773 est
920 705 1118 795 Imperator

188 804 404 919 semperque
430 825 697 919 perhonorifica
733 825 906 891 memoria
937 820 1119 889 colendus.

183 946 309 1036 Neque
326 947 420 1012 enirn
438 966 565 1012 eorum
582 947 749 1036 cuiquam
769 942 922 1010 inferior
940 941 1031 1021 fuit,
1057 939 1121 1032 qui

184 1062 454 1154 philosophiam
472 1085 692 1156 magnopere
711 1062 933 1140 extulerunt,
949 1058 1013 1125 sed
1030 1059 1122 1125 etin

183 1203 389 1248 consessum
411 1204 467 1247 me
485 1184 678 1271 assumpsit
697 1202 777 1246 cum
796 1180 925 1271 pallio,
943 1194 978 1244 et
997 1177 1121 1244 convi-

181 1323 261 1368 vam
277 1297 463 1366 etitineris
477 1297 646 1365 comitem
658 1321 736 1365 esse
748 1298 876 1378 voluit,
886 1315 922 1364 et
934 1296 1119 1363 moderate

182 1418 265 1486 ruht
281 1436 503 1493 monentem,
528 1434 565 1483 et
584 1439 667 1511 erga
681 1414 1008 1507 reprehendentem
1023 1411 1120 1480 hand

183 1555 330 1631 gravate
347 1558 384 1601 se
401 1533 538 1601 habuit.
562 1536 604 1600 Et
626 1534 773 1627 quidem
790 1534 880 1600 mihi
898 1536 960 1600 uni
982 1549 1120 1599 tantum

182 1653 336 1734 detulit,
372 1671 436 1733 ut,
462 1653 662 1719 taciturnus
700 1653 839 1744 alioqui
876 1670 913 1720 et
943 1652 1122 1743 propositi

184 1791 304 1854 tenax,
329 1770 498 1839 tamenin
521 1772 673 1866 singulis
697 1794 797 1863 pane
823 1769 932 1837 rebus
948 1768 1123 1861 quidrei·

183 1888 337 1981 publicae
366 1889 591 1957 commodum
608 1889 702 1956 soret
727 1889 984 1956 sciscitaretur.
1008 1886 1122 1952 Multa

182 2031 272 2076 vero
296 2026 332 2076 et
365 2032 485 2077 rernm
516 2006 752 2074 humanarum
783 2005 879 2074 vices
911 2005 1123 2072 aliter'effi·

185 2127 299 2208 ciunt,
315 2145 424 2219 atque
438 2125 630 2196 videbatur
643 2124 931 2193 existimandum.
948 2126 1039 2192 Sane
1056 2121 1122 2191 ad·

184 2268 310 2314 versus
334 2244 428 2313 banc
454 2247 661 2313 comitatem
679 2263 714 2311 et
732 2245 992 2312 humanitatem
1012 2260 1121 2334 atque

185 2366 333 2432 effusam
357 2362 530 2431 suadendi
565 2367 650 2445 vim‚
683 2362 765 2454 quis
806 2363 897 2430 adeo
930 2360 1145 2445 adamante,

190 2482 316 2550 durior
337 2500 453 2562 esset,
479 2484 543 2573 qui
569 2481 786 2562 obsisteret,
821 2505 941 2573 neque
966 2478 1121 2546 arbitra·

185 2618 285 2667 retur
310 2601 356 2668 ab
380 2603 459 2693 ipsa
476 2599 710 2693 philosophia
730 2623 851 2671 coram
877 2598 1025 2666 sedente
1051 2596 1122 2663 sibi

186 2725 346 2788 muneris
381 2720 577 2812 diplomata
612 2717 805 2789 exhiberi?
844 2720 898 2789 Ab
935 2740 977 2787 ea
1009 2718 1121 2814 igitur

187 2864 295 2907 rnanu
318 2845 535 2936 rescriptum
560 2844 710 2936 accepi,
736 2865 815 2935 qnae
842 2861 1039 2932 numquam
1065 2837 1123 2905 ni·

186 2983 289 3054 grum
315 2963 494 3030 calculum
521 2963 679 3054 praebet,
704 2986 725 3030 a
758 2986 828 3055 qua
865 2961 1031 3054 quotidie
1056 2959 1123 3026 bo-

187 3102 316 3149 norum
328 3079 446 3150 fontes
464 3101 660 3151 manantes
678 3083 851 3150 malorum
865 3079 1123 3150 cohibitiones.

187 3328 310 3373 sdmodssss
327 3345 378 3374 rsro
388 3331 566 3375 silentiorum
575 3330 716 3375 ‘themistius
727 3343 751 3372 ss
761 3332 939 3390 imperatoribus
948 3330 1060 3375 ssssdisss
1077 3345 1125 3375 ms·

186 3418 263 3457 norst
277 3413 347 3456 etism
363 3411 403 3455 0r.
421 3419 486 3456 xvir.
503 3427 526 3472 p.
549 3425 605 3473 214.
624 3411 650 3454 B.
669 3420 739 3457 1111.
759 3414 812 3462 353.
832 3415 859 3456 Α.
875 3413 1001 3457 Consivsrn
1017 3411 1124 3457 eomdsso

178 3492 318 3537 adhibitum
326 3496 483 3553 imperatorias
493 3508 577 3539 orsos·
586 3499 621 3540 sit
631 3495 743 3539 Librarius
753 3495 828 3556 Epist.
847 3496 886 3556 64-

220 3574 256 3637 (a)
281 3575 424 3620 Thoantias
440 3576 473 3620 Or
497 3583 571 3636 xmp.
584 3577 715 3635 ipo-Bait
731 3591 744 3620 s
760 3576 893 3623 Theodosio
906 3580 1000 3621 tsrtiurss
1021 3578 1067 3620 issa
1085 3590 1124 3619 sn·

189 3669 244 3700 nnn
261 3659 389 3718 imperabis
406 3661 509 3704 nondum
527 3659 640 3720 prolatam
657 3660 778 3720 espitslsrn
795 3659 938 3704 sententian.
965 3658 1029 3702 ldssn
1057 3655 1125 3702 sats.

188 3750 251 3778 mars
266 3739 360 3783 videtur
374 3739 515 3786 Themistum
532 3743 558 3786 in
571 3742 614 3787 bso
625 3734 735 3786 Oratione
748 3755 816 3805 qnam
829 3748 891 3786 stris
912 3754 961 3786 non
969 3750 1022 3786 ants
1035 3747 1124 3786 umisa

194 3814 322 3865 Theodosii
337 3823 473 3882 lnpersaus
488 3836 575 3870 mun
589 3824 738 3885 comsfipsir.
